1758 3351
371 251 412 291 153

66 386 151 440 jecerat.
166 376 246 419 Idcirco
261 376 287 418 ad
302 376 369 418 oeun
383 390 405 416 se
420 374 529 425 convertit,
545 387 608 430 quem
621 372 722 413 allocutus

70 451 278 509 enarrat,.quoruodo
293 452 348 494 Deus
361 449 474 493 Abrahami
483 441 574 505 posteros
590 463 640 505 prae
650 446 724 490 ceteris

0 532 3 548 ²
68 530 111 574 aliis
131 528 226 586 gentibus
248 527 346 585 elegerit,
370 526 418 581 sed,
432 527 542 582 postquam
556 524 587 566 illi
603 525 665 566 nimis
680 537 726 565 sese

66 606 225 664 inquinaverant
244 602 344 660 peccatis,
363 603 386 645 in
408 602 499 645 hostium
514 615 589 643 manus
608 599 723 643 tradiderit.

0 687 1 691 ’
66 685 178 726 Putaverat
193 695 253 737 ergo,
268 678 390 735 Babylonios
406 678 501 721 Israelitis
516 677 582 719 multo
598 690 641 718 esse
653 676 724 718 excel-

67 759 165 802 lentiores
180 764 243 814 atque
255 755 364 805 meliores,
378 754 414 796 sed
424 769 462 810 per
476 756 504 797 30
519 767 583 795 annos
593 751 677 794 illorum
695 759 725 793 tot

68 843 169 891 tantaque
183 830 354 875 animadverterat
371 830 462 888 flagitia,
477 836 541 872 utne
556 828 661 872 numerari
675 828 725 885 qui-

0 914 3 955 }
68 910 116 952 dem
136 915 224 965 possent.
256 907 336 950 Dubius
359 922 408 964 ergo
428 906 510 957 haeret,
528 920 593 963 quare
607 905 724 953 Israelitae‚

0 985 3 1008 ³
67 988 105 1044 qui
124 986 191 1028 Deum
206 984 279 1032 saltem
293 982 413 1034 coluerant,
437 984 521 1039 eiusque
538 983 608 1040 legem
622 981 726 1038 quodam-

0 1062 4 1108 Ῐ
67 1062 129 1105 modo
144 1068 200 1103 certe
221 1060 386 1116 observaverant,
408 1074 458 1102 oum
471 1058 590 1115 Babyloniis
610 1072 653 1100 uon
669 1057 727 1113 pejo-

68 1152 99 1178 res
113 1143 191 1186 essent,
203 1134 235 1177 his
247 1143 317 1177 tamen
330 1134 491 1190 subjicerentur3
510 1135 562 1191 quin
578 1141 637 1191 rogat
651 1134 726 1183 Deunr,

67 1218 92 1252 ut
106 1219 126 1253 et
137 1210 277 1252 Israelitarum
289 1216 309 1251 et
317 1209 525 1265 Gentiliumpeecata
533 1209 555 1251 in
562 1209 645 1251 bilance
652 1194 727 1264 ponat:

67 1295 129 1343 atque
143 1292 221 1327 certam
234 1284 311 1327 habere
324 1283 406 1325 videtur
421 1298 489 1339 spem,
511 1291 597 1339 peccata
612 1279 729 1332 Gentilium

36 1382 39 1386 -
69 1361 162 1417 graviora
178 1374 221 1402 esse
232 1360 303 1415 futura
316 1358 458 1402 Israelitarum
471 1360 567 1416 peccatis.
589 1360 663 1414 Quum
672 1358 728 1402 hisce

68 1434 234 1477 meditationibus
251 1442 362 1491 occupatus
382 1443 433 1477 esset
450 1437 514 1486 Eira,
534 1436 624 1478 mittitur
637 1437 664 1480 ad
679 1450 728 1478 eum

0 1506 5 1525 '
68 1510 173 1569 Angelus,
187 1510 244 1552 Uriel
259 1510 336 1561 dietus,
352 1511 388 1568 qui
400 1511 460 1553 variis
474 1511 586 1553 visionibus
601 1511 620 1553 ei
638 1511 727 1567 explica-

0 1573 6 1611 l
69 1596 127 1629 turus
143 1593 189 1639 est,
205 1600 259 1643 quae
274 1600 398 1644 cognoscere
412 1588 488 1644 cupiat.

98 1662 180 1705 Primo
194 1664 258 1705 oz'sio.
277 1661 306 1720 (G.
319 1663 416 1707 H.-Ill.
431 1666 457 1706 21
474 1663 499 1707 V.
513 1663 574 1707 Aeth.
591 1665 612 1707 C,
631 1664 726 1710 IV.-V.

71 1739 136 1783 14v.
151 1736 207 1794 uas.)
287 1726 297 1754 ²

1 1809 5 1819 ²
98 1814 176 1866 troius,
192 1829 257 1871 quam
272 1814 334 1856 modo
349 1814 460 1858 meditatus
471 1823 514 1859 erat
528 1818 592 1868 Ezra,
602 1804 634 1859 iei
646 1831 728 1860 causam

70 1891 162 1949 Angelus
176 1906 197 1933 se
212 1890 336 1933 traditurum
352 1906 394 1934 esse
406 1892 444 1944 ait,
461 1892 523 1934 modo
532 1892 568 1935 ille
582 1893 729 1948 etribuspro-

70 1967 140 2025 positis
161 1967 323 2023 problematibus
337 1982 405 2010 unum
418 1969 489 2011 solvat.
521 1969 651 2012 Problemata
666 1976 724 2010 sunt:

70 2043 186 2100 ponderare
199 2044 270 2101 ignem
283 2044 305 2086 in
318 2045 398 2095 statera,
413 2045 483 2087 metiti
495 2052 582 2087 ventum
593 2044 698 2095 mensura,
708 2053 728 2087 et

70 2120 234 2176 praeterlapsum
250 2134 345 2181 revocare
360 2120 422 2164 diem.
453 2121 505 2163 Ezrd
519 2136 567 2164 vero
580 2137 601 2164 se
614 2137 638 2166 ea
649 2122 728 2164 solvere

72 2211 115 2238 non
128 2210 187 2251 posse
201 2195 334 2252 perhibente,
352 2196 445 2255 Angelus
460 2197 583 2254 respondet,
604 2196 621 2240 si
641 2206 666 2241 tu
679 2213 729 2255 pro—

0 2263 6 2292 3
71 2271 164 2315 blemater
176 2286 233 2325 mea,
250 2288 303 2331 quae
316 2288 348 2315 res
361 2280 466 2317 terrestres
480 2282 585 2331 spectant,
600 2275 729 2318 0011010110-

72 2349 131 2406 quis,
147 2365 190 2393 non
203 2346 260 2406 potes
273 2350 391 2409 intelligere
405 2351 480 2410 agendi
493 2351 595 2395 rationem
611 2352 656 2396 Dei.
683 2353 728 2395 Hoc

1 2487 3 2490 v
72 2426 155 2481 audito,
177 2428 229 2469 Eira
249 2428 362 2470 infaciem
379 2428 506 2485 procumbit,
523 2429 729 2486 exclamanS,.prae-

45 2558 46 2561 Ἴ
72 2508 125 2543 stare
137 2511 162 2545 ut
175 2502 238 2546 bomo
252 2518 295 2546 non
308 2512 368 2547 natus
384 2513 446 2557 esset,
462 2518 525 2563 quam
536 2513 561 2548 ut
576 2506 630 2549 vivat
643 2507 728 2563 inpec-

74 2578 123 2619 catis
137 2586 157 2619 et
171 2580 260 2632 nesciat,
276 2594 317 2638 qua
330 2580 356 2624 de
366 2597 389 2624 re
403 2582 493 2639 plurimo
506 2582 580 2627 subeat
591 2584 653 2627 mala.
683 2582 728 2624 Jam

74 2669 124 2696 vero
136 2654 237 2713 Angelus,
253 2657 349 2715 parabola
364 2661 478 2719 propositd,
490 2660 627 2712 demonstrat,
640 2658 729 2702 hominis

74 2745 115 2773 nou
136 2745 190 2787 esre,
207 2730 375 2780 coelestianae.
395 2734 474 2796 *Rogat
488 2738 548 2789 Ezra,
564 2752 629 2794 quare
644 2735 728 2781 tandem
768 2737 788 2778 st
