1758 3351
475 245 503 283 72

165 360 293 406 solummodo
307 364 332 405 de
346 353 426 421 quercu
439 379 505 407 sermo
521 366 570 407 fnit:
586 366 664 411 ideirco
680 382 703 410 ea
720 374 818 424 tanquam

165 441 262 498 glossam,
275 454 328 497 quae
345 438 372 483 ad
386 456 414 484 ns.
432 445 445 484 3
463 455 511 483 mox
524 450 645 498 sequentem
657 443 768 501 pertineat,
782 444 818 500 eji-

164 514 238 558 cienda
258 522 320 572 pute,
336 517 385 569 uhi,
406 532 443 574 pro
462 531 529 576 super·
544 518 707 574 subaustero
719 520 780 563 lectio
793 519 819 562 acl

162 592 279 650 marginem
296 601 366 636 notata
382 594 421 635 fuit
436 593 463 636 de
478 594 537 635 rubo.

192 667 229 725 Vs.
242 672 262 712 8.
279 668 363 711 vidisti.
379 669 435 726 Lege
447 669 543 725 attulisti,
559 669 658 712 suadente
669 657 759 713 emtione
771 685 820 713 con-

163 743 219 785 texti
234 752 254 786 et
272 743 406 787 confirmante
419 745 476 790 Vers.
491 744 551 788 Aetli.

192 819 227 864 Vs.
242 822 261 862 9.
278 821 305 863 ab
320 821 422 863 omnibus.
454 821 505 865 Cum
518 835 625 864 AMBROSIO
636 820 663 863 de
676 821 728 862 borso
741 822 819 862 urortz's

163 909 181 938 c.
197 897 222 936 11
239 903 253 937 t.
271 898 280 935 1
304 896 344 938 ool.
358 898 400 939 410
421 896 448 947 d.‚
466 897 504 938 ubi
517 895 575 939 bunc
589 898 660 938 locum
677 895 756 947 citarit,
773 895 819 953 lege

166 971 193 1013 ub
206 970 340 1023 homiuibus,
358 970 498 1014 consentiente
517 971 606 1027 utrique
620 972 678 1016 Vers.
694 971 772 1015 Orient.
790 997 820 1003 —

162 1046 193 1090 Ib.
208 1062 255 1088 cum
273 1048 365 1098 corssz'ls'o
379 1062 432 1089 osteo.
448 1048 487 1089 .In
502 1046 606 1089 Ambrosii
623 1046 637 1089 l.
655 1046 670 1087 l.
686 1053 705 1088 et
717 1047 752 1089 tus.
766 1047 819 1088 San-

163 1136 237 1179 gema„
254 1122 394 1165 consentiente
404 1122 492 1179 utraque
506 1122 664 1174 Vers.01·ient.‚
678 1129 734 1164 recte
744 1121 819 1179 legitur

162 1213 209 1240 cum
216 1197 271 1255 filio
290 1213 347 1240 meo:
361 1205 471 1255 postquam
487 1198 609 1256 praepositio
625 1197 710 1241 courel
726 1198 818 1241 cumbis

116 1301 122 1310 t
164 1280 206 1317 erat
222 1274 311 1330 scripta,
327 1273 427 1316 hodierna
442 1274 503 1317 lectio
517 1275 577 1317 facile
592 1274 639 1316 oriri
654 1273 726 1331 potnit.

193 1351 229 1395 Vs.
246 1352 280 1393 11.
294 1350 420 1393 Duodecim.
446 1351 471 1392 In
484 1351 544 1396 Vers.
559 1350 619 1393 aeth.
632 1350 721 1393 liabetur
735 1350 817 1403 decem,

163 1441 217 1484 quae
229 1426 291 1468 lectio
306 1426 390 1468 omnino
405 1432 434 1467 est
443 1426 588 1482 praeferenda:
598 1433 679 1482 praeter
693 1425 754 1477 enim,
763 1426 819 1482 quod

161 1517 262 1543 numerus
277 1501 347 1543 decem
362 1500 417 1557 apud
434 1501 523 1544 Judaeus
536 1509 618 1544 sanctus
629 1502 692 1543 fuerit
705 1499 748 1560 (1),
762 1501 818 1543 ideo-

162 1592 204 1634 que
222 1584 292 1620 nostro
310 1577 357 1620 loco
378 1578 470 1634 apprime
489 1578 622 1630 conveniens,
638 1578 739 1621 consentit
757 1578 819 1620 etiam

161 1659 234 1695 auctor
251 1652 299 1694 libri
318 1651 409 1696 Herzocla
426 1651 469 1712 (2),
489 1653 525 1710 qui
539 1653 631 1695 similiter
643 1652 717 1695 mundi
730 1660 818 1696 aetatem

161 1729 184 1769 in
204 1728 278 1771 decem
294 1736 362 1785 partes
384 1729 496 1777 distribuit;
513 1729 596 1771 tandem
610 1730 716 1786 sequentia
732 1729 818 1772 eandem

142 1804 273 1846 [lectionem
292 1804 377 1847 suadere
385 1801 498 1856 ridentur,
514 1820 563 1847 uam
578 1805 601 1846 in
617 1804 659 1846 fine
666 1803 736 1853 buius,
748 1820 818 1847 versus

161 1881 238 1937 legitur
251 1886 273 1922 et
285 1883 423 1923 transierunt
438 1883 484 1924 cz'us
498 1881 581 1923 dccsluu
596 1886 618 1922 et
630 1880 746 1922 dimidium
759 1881 818 1924 deci·

161 1972 210 1999 mue
216 1959 307 2016 pomis,
327 1972 365 2013 pro
380 1957 465 2000 decimu
479 1965 559 2008 autom,
573 1957 642 2013 prouti
659 1956 722 1999 altera
738 1964 818 1999 senten·
839 2010 841 2013 Ι

161 2033 201 2076 tiae
213 2047 259 2089 pars
274 2033 376 2089 postulat,
391 2033 504 2091 legendum
519 2041 548 2075 est
560 2048 639 2075 nouem.
669 2032 758 2085 Idcirco,
771 2040 817 2089 post
867 2031 868 2034 ’

161 2115 282 2169 supersunt
294 2115 366 2152 nutem
380 2112 428 2152 eius
440 2125 468 2153 rs.
485 2112 519 2161 12,
530 2125 572 2152 non
588 2108 706 2152 addendum
718 2110 756 2152 erit
769 2123 817 2152 cum

161 2186 197 2228 llls.
211 2186 318 2243 Sangerm.
335 2186 400 2239 duae,
416 2186 451 2229 sed
464 2189 530 2239 aurai,
544 2186 578 2228 vel
591 2192 695 2245 tempora.

191 2261 226 2305 Vs.
243 2263 277 2303 13.
296 2262 390 2304 humiles
405 2277 485 2304 eorum.
517 2263 565 2304 Post
582 2261 634 2304 haec
648 2261 711 2304 rerba
721 2262 744 2303 in
757 2261 815 2306 Vers.

161 2337 222 2380 Aetli.
236 2337 319 2381 additur
333 2345 354 2381 ct
365 2333 449 2382 'zustrue
464 2341 574 2398 sapientes
590 2353 668 2382 eorum.
686 2338 756 2381 Simile
765 2336 816 2394 quid

161 2414 184 2455 in
194 2415 253 2459 Veis.
269 2415 332 2459 Asab.
345 2416 428 2475 legitur:
440 2415 536 2473 quocirca
546 2414 652 2471 probabile
665 2415 716 2457 mihi
728 2413 815 2466 videtur,

184 2597 208 2641 ll)
221 2598 246 2631 Cf.
258 2603 320 2642 ruunt,
334 2602 406 2634 Eiulot't.
418 2603 438 2633 iu
450 2602 476 2633 dio
491 2602 553 2646 Offoul.
565 2605 637 2637 Jolruuu.
651 2591 666 2634 li
677 2614 692 2645 p.
704 2600 725 2634 59
734 2614 771 2635 ann.
780 2604 789 2633 1
799 2607 814 2633 et
860 2649 862 2651 v

161 2670 242 2693 rnnsarun
253 2661 273 2693 ul
284 2663 328 2695 Dan.
341 2664 354 2695 Ι,
369 2666 396 2695 12.
819 2663 821 2665 ¹

184 2723 206 2769 (ἓ)
220 2723 241 2758 C.
252 2725 275 2756 92
286 2736 325 2758 vers.
336 2727 434 2759 Germanicae
447 2725 471 2759 ed.
483 2726 572 2763 Hoffmann.
