1758 3351
477 233 518 273 roe
539 280 544 290 ,

172 366 216 393 non
238 353 295 408 potui
311 349 351 408 (l).
383 353 503 396 EFabricii
520 361 589 395 autem
608 361 627 395 et
641 356 714 398 Luckii
732 354 824 411 operibus

173 427 268 485 cognovi,
285 427 311 469 ad
325 436 394 471 nostra
410 437 585 487 usquetempora
593 429 700 486 vulgarem
710 431 771 487 fuisse
782 430 824 486 opi-

171 504 265 556 nionem,
278 503 354 547 librum
370 511 461 548 nostrum
471 505 497 547 ad
506 504 569 547 finem
579 505 643 562 seculi
659 509 676 547 1ἰ
691 521 712 562 p.
720 506 743 549 G.
751 522 773 548 n.
783 520 825 549 esse

172 580 298 624 confectum.
315 581 349 622 Sic
359 588 458 636 putarunt
464 579 592 632 Whisrenus,
601 580 726 634 Dodrrellus,
732 581 749 623 J.
757 566 781 623 A.
789 582 825 623 Fa·

170 655 260 708 bricius,
276 655 393 708 Gorrodius,
404 657 499 709 Storrius,
511 656 618 708 Kaiserus,
628 658 725 708 Lr'ickius,
740 657 826 699 an'tre-

172 747 207 774 rus
221 731 260 790 (2).
290 732 332 775 Alii
347 739 453 775 auctorem
470 732 606 782 initioscculi
618 732 637 775 2³
650 748 672 790 p.
687 733 709 777 G.
721 747 743 774 n.
755 731 826 790 vixisse

171 796 280 859 affirmant,
289 808 349 850 sicuti
355 808 374 849 J.
379 807 491 866 Basnagius
505 817 525 851 et
537 816 615 861 nostras
626 825 645 851 v.
654 808 745 852 d.Palm.
763 807 826 849 Hart-

170 882 243 940 wigius
250 882 333 925 tandem
340 883 435 935 auctoris,
445 890 465 925 et
470 883 530 939 proin
536 883 584 924 iibri
591 884 662 939 ipsius,
670 890 757 926 aetatem
761 874 826 925 ‘refert

170 957 196 1000 ad
209 950 292 999 initium
306 957 371 1000 seculi
384 961 403 1000 3i
415 973 437 1014 p.
445 958 467 1002 G.
476 973 498 1000 n.
508 958 571 1001 Pauci
583 958 824 1013 tantummodofuerunt,
843 949 847 952 ’

135 1091 136 1095 ¹
170 1034 208 1091 qui
217 1041 323 1076 auctorem
330 1049 348 1076 a.
357 1034 379 1077 G.
389 1048 411 1075 n.
418 1035 491 1077 vixisse
498 1041 617 1085 statuerent,
627 1034 653 1077 ad
665 1049 716 1091 quos
723 1033 827 1090 pertinent

169 1110 241 1153 Franc.
249 1111 300 1161 Lee,
313 1110 416 1152 Semlerus
426 1118 446 1153 et
456 1111 564 1169 Vogelius3
581 1119 669 1168 uterque
678 1110 716 1171 ¹hic
727 1111 826 1168 posterior

169 1192 277 1228 auctorem
292 1185 364 1228 vixisse
378 1193 437 1242 putat
448 1202 518 1230 versus
528 1187 591 1229 finem
603 1187 667 1229 seculi
681 1191 698 1228 1i
706 1203 724 1229 a.
733 1186 754 1229 C.
764 1202 785 1229 n.
794 1186 826 1228 Si-

169 1261 246 1303 militer
265 1262 393 1304 Lnurencius
409 1262 548 1304 demonstrare
563 1271 646 1305 conatus
663 1271 704 1314 est,
721 1269 826 1305 auctorem

170 1337 273 1393 scripsisse
285 1338 307 1379 in
321 1337 418 1392 temporis
429 1338 493 1393 spatio
506 1338 532 1380 ab
544 1353 563 1380 a.
578 1341 663 1382 28—25
678 1353 696 1380 a.
712 1337 733 1380 G.
749 1352 772 1378 n.

199 1412 234 1455 Uti
248 1412 274 1454 de
288 1419 363 1463 aetate,
379 1412 408 1453 sic
422 1412 484 1454 etiam
499 1413 525 1466 de
539 1421 622 1454 auctore
635 1413 694 1464 libri,
710 1413 756 1456 Viri
771 1412 826 1453 docti
858 1434 861 1437 >

170 1487 299 1530 dissentiunt.
331 1487 454 1540 Quaeritur,
472 1502 523 1530 num
539 1495 611 1530 auctor
624 1488 750 1532 Christianus
764 1487 827 1529 fuerit
861 1474 863 1479 ’

169 1579 196 1607 an
212 1563 311 1606 Judaeus:
330 1564 384 1605 illud
398 1564 525 1606 affirmarunt
540 1565 638 1607 Kaiserus
654 1572 674 1606 et
691 1563 824 1621 Hartvrigius,

168 1639 209 1682 hoc
222 1654 272 1681 vcro
285 1641 312 1682 Le
318 1640 402 1696 Moyne,
417 1640 434 1682 J.
442 1640 466 1682 A.
474 1639 589 1691 Fabricius,
602 1641 634 1682 Fr.
642 1641 693 1690 Lee,
709 1639 825 1690 Semlerus,

121 1738 122 1741 ¹
168 1716 283 1773 Vogelins,
297 1714 418 1768 correctus,
432 1716 567 1765 Laurencius,
588 1716 690 1766 Liickius,
709 1715 824 1758 Gfro'rerus.

168 1793 262 1837 Fuerunt
282 1798 362 1841 tamen,
383 1791 525 1833 tantummodo
545 1805 556 1831 e
576 1791 633 1834 Vers.
656 1791 699 1833 Lat.
713 1791 824 1845 sapientes,

169 1867 206 1924 qui
227 1874 334 1909 auctorem
350 1865 579 1909 Judaeo-Christianum
592 1865 653 1907 fuisse
669 1866 825 1918 contenderent,
853 1912 855 1914 ,

168 1951 193 1986 ut
208 1942 342 1993 Whistonus,
362 1927 455 1999 Basnage
463 1973 469 1994 ,
486 1957 505 1984 v.
524 1941 544 1983 d.
563 1941 632 1995 Palm,
652 1942 685 1984 vel
699 1942 775 1993 talem,
789 1943 825 1999 qui

168 2020 252 2077 utrique
273 2019 368 2077 religioni
386 2018 479 2062 addictus
492 2018 565 2069 fuerit,
589 2018 620 2060 uti
635 2016 673 2061 Th.
690 2017 789 2074 Spizelius
805 2025 825 2060 et

167 2096 276 2139 Calmetus.
301 2088 380 2137 ‘Petrus
396 2095 479 2138 tandem
493 2093 571 2137 Alixius
588 2101 693 2137 auctorem
710 2094 824 2136 Montanis-

160 2181 210 2226 tam
223 2173 284 2215 fuisse
300 2172 414 2215 affirmavit.

197 2250 228 2292 Er
243 2244 381 2305 hiscepater,
398 2256 526 2305 quantopere
541 2247 671 2290 eruditissimi
680 2247 725 2294 Viri
738 2247 792 2289 inter
803 2263 824 2289 se

168 2326 289 2370 dissentiant
308 2325 334 2368 de
355 2325 444 2382 utrique
465 2325 504 2368 hac
526 2324 657 2382 quaestione,
679 2323 778 2366 nimirum
798 2323 823 2365 de

190 2466 215 2511 (l)
238 2468 305 2509 Quinam
320 2467 337 2499 hi
354 2469 423 2512 fuerint,
443 2468 514 2510 cognosci
534 2472 586 2508 potest
598 2478 606 2497 e
620 2474 689 2498 ruurrorr
707 2465 746 2497 Cod·
760 2461 822 2493 Pseud.

168 2533 186 2562 V.
199 2514 221 2562 Τ.
234 2531 256 2562 ΙΙ,
268 2542 284 2573 p.
297 2532 388 2563 rra-192
401 2538 417 2563 et
429 2534 490 2572 incur,
504 2529 575 2560 Verrunt
587 2531 632 2561 einer
644 2527 734 2561 oottsutnd.
745 2525 794 2557 Erat.
803 2525 823 2554 tn

167 2594 194 2626 die
207 2591 291 2637 Offeotnr.
305 2595 391 2626 Iohannis.
404 2594 453 2625 Bonn.
468 2593 522 2634 1832,
533 2602 548 2634 p.
561 2593 593 2623 101
606 2599 639 2624 not.
652 2594 670 2623 1.

189 2654 214 2700 {2}
228 2655 269 2702 Vide
280 2655 364 2698 Tritinger
371 2655 474 2698 Zeitsctutft
481 2653 510 2697 frio
519 2655 611 2697 Nicolopr'r.
626 2653 680 2695 Jahrg.
692 2652 740 2685 1837.
748 2653 772 2682 4⁶³
779 2648 825 2680 Hest.

167 2731 183 2762 p.
195 2719 281 2751 or-rro.
