<?xml version="1.0" encoding="UTF-8"?>
<!DOCTYPE html PUBLIC "-//W3C//DTD XHTML 1.0 Transitional//EN"
    "http://www.w3.org/TR/xhtml1/DTD/xhtml1-transitional.dtd">
<html xmlns="http://www.w3.org/1999/xhtml" xml:lang="en" lang="en">
 <head>
  <title>
</title>
<meta http-equiv="Content-Type" content="text/html;charset=utf-8" />
  <meta name='ocr-system' content='tesseract 3.04.00' />
  <meta name='ocr-capabilities' content='ocr_page ocr_carea ocr_par ocr_line ocrx_word'/>
</head>
<body>
  <div class='ocr_page' id='page_1' title='image "MN41901ucmf_4_0072.png"; bbox 0 0 1758 3351; ppageno 0'>
   <div class='ocr_carea' id='block_1_1' title="bbox 450 261 478 299">
    <p class='ocr_par' dir='ltr' id='par_1_1' title="bbox 450 261 478 299">
     <span class='ocr_line' id='line_1_1' title="bbox 450 261 478 299; baseline 0.071 -2"><span class='ocrx_word' id='word_1_1' title='bbox 450 261 478 299; x_wconf 77' lang='lat'>46</span> 
     </span>
    </p>
   </div>
   <div class='ocr_carea' id='block_1_2' title="bbox 137 381 790 824">
    <p class='ocr_par' dir='ltr' id='par_1_2' title="bbox 137 381 790 824">
     <span class='ocr_line' id='line_1_2' title="bbox 140 381 789 441; baseline 0.002 -15"><span class='ocrx_word' id='word_1_2' title='bbox 140 385 283 441; x_wconf 82' lang='lat' dir='ltr'>subintellige:</span> <span class='ocrx_word' id='word_1_3' title='bbox 304 382 345 425; x_wconf 90' lang='lat' dir='ltr'>hoc</span> <span class='ocrx_word' id='word_1_4' title='bbox 364 397 376 425; x_wconf 87' lang='lat' dir='ltr'>a</span> <span class='ocrx_word' id='word_1_5' title='bbox 397 390 418 426; x_wconf 88' lang='lat' dir='ltr'>te</span> <span class='ocrx_word' id='word_1_6' title='bbox 437 389 494 440; x_wconf 88' lang='lat' dir='ltr'>peto,</span> <span class='ocrx_word' id='word_1_7' title='bbox 510 389 534 423; x_wconf 91' lang='lat' dir='ltr'>ut</span> <span class='ocrx_word' id='word_1_8' title='bbox 550 381 602 424; x_wconf 87' lang='lat' dir='ltr'>mihi</span> <span class='ocrx_word' id='word_1_9' title='bbox 615 382 701 440; x_wconf 78' lang='lat' dir='ltr'>explices</span> <span class='ocrx_word' id='word_1_10' title='bbox 707 381 722 440; x_wconf 73' lang='lat' dir='ltr'>,J</span> <span class='ocrx_word' id='word_1_11' title='bbox 738 398 789 440; x_wconf 88' lang='lat' dir='ltr'>quo-</span> 
     </span>
     <span class='ocr_line' id='line_1_3' title="bbox 138 457 788 518; baseline 0 -15"><span class='ocrx_word' id='word_1_12' title='bbox 138 461 195 504; x_wconf 87' lang='lat' dir='ltr'>niam</span> <span class='ocrx_word' id='word_1_13' title='bbox 207 459 294 502; x_wconf 75' lang='lat' dir='ltr'>vivificas</span> <span class='ocrx_word' id='word_1_14' title='bbox 309 474 367 502; x_wconf 90' lang='lat' dir='ltr'>nune</span> <span class='ocrx_word' id='word_1_15' title='bbox 382 459 405 501; x_wconf 90' lang='lat' dir='ltr'>in</span> <span class='ocrx_word' id='word_1_16' title='bbox 421 458 506 502; x_wconf 79' lang='lat' dir='ltr'>matrice</span> <span class='ocrx_word' id='word_1_17' title='bbox 518 457 641 513; x_wconf 82' lang='lat' dir='ltr'>plasmatum</span> <span class='ocrx_word' id='word_1_18' title='bbox 656 474 729 517; x_wconf 91' lang='lat' dir='ltr'>corpus</span> <span class='ocrx_word' id='word_1_19' title='bbox 743 475 788 518; x_wconf 90' lang='lat' dir='ltr'><strong>sqq.</strong></span> 
     </span>
     <span class='ocr_line' id='line_1_4' title="bbox 139 534 789 593; baseline 0 -14"><span class='ocrx_word' id='word_1_20' title='bbox 139 535 241 593; x_wconf 85' lang='lat' dir='ltr'>usquead</span> <span class='ocrx_word' id='word_1_21' title='bbox 256 552 285 580; x_wconf 81' lang='lat' dir='ltr'>rs.</span> <span class='ocrx_word' id='word_1_22' title='bbox 301 539 335 588; x_wconf 81' lang='lat'>14,</span> <span class='ocrx_word' id='word_1_23' title='bbox 345 536 374 578; x_wconf 63' lang='lat' dir='ltr'>‘in</span> <span class='ocrx_word' id='word_1_24' title='bbox 388 551 429 593; x_wconf 90' lang='lat' dir='ltr'>quo</span> <span class='ocrx_word' id='word_1_25' title='bbox 441 535 495 578; x_wconf 84' lang='lat' dir='ltr'>hanc</span> <span class='ocrx_word' id='word_1_26' title='bbox 506 534 660 579; x_wconf 78' lang='lat' dir='ltr'>conclusionem</span> <span class='ocrx_word' id='word_1_27' title='bbox 675 537 734 579; x_wconf 85' lang='lat' dir='ltr'>facit:</span> <span class='ocrx_word' id='word_1_28' title='bbox 747 552 789 579; x_wconf 91' lang='lat' dir='ltr'>non</span> 
     </span>
     <span class='ocr_line' id='line_1_5' title="bbox 139 610 790 670; baseline -0.006 -14"><span class='ocrx_word' id='word_1_29' title='bbox 139 613 206 669; x_wconf 79' lang='lat' dir='ltr'>capio,</span> <span class='ocrx_word' id='word_1_30' title='bbox 223 627 286 670; x_wconf 85' lang='lat' dir='ltr'>quam</span> <span class='ocrx_word' id='word_1_31' title='bbox 300 613 382 656; x_wconf 81' lang='lat' dir='ltr'>tandem</span> <span class='ocrx_word' id='word_1_32' title='bbox 396 613 421 654; x_wconf 91' lang='lat' dir='ltr'>ob</span> <span class='ocrx_word' id='word_1_33' title='bbox 434 618 516 654; x_wconf 89' lang='lat' dir='ltr'>eausam</span> <span class='ocrx_word' id='word_1_34' title='bbox 529 610 586 654; x_wconf 67' lang='lat' dir='ltr'>tanti</span> <span class='ocrx_word' id='word_1_35' title='bbox 599 626 648 653; x_wconf 87' lang='lat' dir='ltr'>cum</span> <span class='ocrx_word' id='word_1_36' title='bbox 663 613 712 655; x_wconf 79' lang='lat' dir='ltr'>curat</span> <span class='ocrx_word' id='word_1_37' title='bbox 721 612 790 654; x_wconf 86' lang='lat' dir='ltr'>homi·</span> 
     </span>
     <span class='ocr_line' id='line_1_6' title="bbox 137 688 789 748; baseline 0 -17"><span class='ocrx_word' id='word_1_38' title='bbox 137 705 187 732; x_wconf 91' lang='lat' dir='ltr'>nem</span> <span class='ocrx_word' id='word_1_39' title='bbox 203 692 301 742; x_wconf 76' lang='lat' dir='ltr'>enutrias,</span> <span class='ocrx_word' id='word_1_40' title='bbox 318 704 381 748; x_wconf 89' lang='lat' dir='ltr'>quem</span> <span class='ocrx_word' id='word_1_41' title='bbox 395 689 443 733; x_wconf 87' lang='lat' dir='ltr'>dein</span> <span class='ocrx_word' id='word_1_42' title='bbox 453 688 533 746; x_wconf 82' lang='lat' dir='ltr'>perdas,</span> <span class='ocrx_word' id='word_1_43' title='bbox 546 689 634 746; x_wconf 89' lang='lat' dir='ltr'>ideoque</span> <span class='ocrx_word' id='word_1_44' title='bbox 642 703 725 731; x_wconf 88' lang='lat' dir='ltr'>omnem</span> <span class='ocrx_word' id='word_1_45' title='bbox 732 689 789 731; x_wconf 85' lang='lat' dir='ltr'>illam</span> 
     </span>
     <span class='ocr_line' id='line_1_7' title="bbox 138 766 790 824; baseline 0.002 -17"><span class='ocrx_word' id='word_1_46' title='bbox 138 781 221 822; x_wconf 87' lang='lat' dir='ltr'>operam</span> <span class='ocrx_word' id='word_1_47' title='bbox 235 766 338 823; x_wconf 89' lang='lat' dir='ltr'>perditam</span> <span class='ocrx_word' id='word_1_48' title='bbox 350 767 418 809; x_wconf 84' lang='lat' dir='ltr'>facias</span> <span class='ocrx_word' id='word_1_49' title='bbox 425 793 452 806; x_wconf 92' lang='lat'>-.-</span> <span class='ocrx_word' id='word_1_50' title='bbox 459 767 529 811; x_wconf 84' lang='lat' dir='ltr'>Verba</span> <span class='ocrx_word' id='word_1_51' title='bbox 536 767 610 824; x_wconf 83' lang='lat' dir='ltr'>igitur,</span> <span class='ocrx_word' id='word_1_52' title='bbox 619 780 671 822; x_wconf 88' lang='lat' dir='ltr'>quae</span> <span class='ocrx_word' id='word_1_53' title='bbox 684 781 696 808; x_wconf 92' lang='lat' dir='ltr'>a</span> <span class='ocrx_word' id='word_1_54' title='bbox 707 780 736 808; x_wconf 84' lang='lat' dir='ltr'>rs.</span> <span class='ocrx_word' id='word_1_55' title='bbox 746 769 790 808; x_wconf 86' lang='lat'>8—-</span> 
     </span>
    </p>
   </div>
   <div class='ocr_carea' id='block_1_3' title="bbox 73 842 790 898">
    <p class='ocr_par' dir='ltr' id='par_1_3' title="bbox 73 842 790 898">
     <span class='ocr_line' id='line_1_8' title="bbox 73 842 790 898; baseline 0.001 -16"><span class='ocrx_word' id='word_1_56' title='bbox 73 895 75 898; x_wconf 20' lang='lat'><strong><em>¹</em></strong></span> <span class='ocrx_word' id='word_1_57' title='bbox 139 843 166 883; x_wconf 84' lang='lat'>14</span> <span class='ocrx_word' id='word_1_58' title='bbox 188 842 298 898; x_wconf 82' lang='lat' dir='ltr'>leguntur,</span> <span class='ocrx_word' id='word_1_59' title='bbox 320 843 464 885; x_wconf 78' lang='lat' dir='ltr'>intermediam</span> <span class='ocrx_word' id='word_1_60' title='bbox 484 843 605 885; x_wconf 85' lang='lat' dir='ltr'>sententiam</span> <span class='ocrx_word' id='word_1_61' title='bbox 627 842 727 894; x_wconf 77' lang='lat' dir='ltr'>efficiunt,</span> <span class='ocrx_word' id='word_1_62' title='bbox 748 842 790 898; x_wconf 71' lang='lat' dir='ltr'>qud</span> 
     </span>
    </p>
   </div>
   <div class='ocr_carea' id='block_1_4' title="bbox 130 918 847 1050">
    <p class='ocr_par' dir='ltr' id='par_1_4' title="bbox 130 918 847 1050">
     <span class='ocr_line' id='line_1_9' title="bbox 137 918 847 975; baseline -0.003 -15"><span class='ocrx_word' id='word_1_63' title='bbox 137 925 209 960; x_wconf 82' lang='lat' dir='ltr'>auctor</span> <span class='ocrx_word' id='word_1_64' title='bbox 228 933 276 960; x_wconf 86' lang='lat' dir='ltr'>suae</span> <span class='ocrx_word' id='word_1_65' title='bbox 296 918 418 975; x_wconf 88' lang='lat' dir='ltr'>quaestionis</span> <span class='ocrx_word' id='word_1_66' title='bbox 439 932 521 959; x_wconf 87' lang='lat' dir='ltr'>causam</span> <span class='ocrx_word' id='word_1_67' title='bbox 539 918 613 960; x_wconf 81' lang='lat' dir='ltr'>reddit.</span> <span class='ocrx_word' id='word_1_68' title='bbox 627 942 657 950; x_wconf 77' lang='lat'>—</span> <span class='ocrx_word' id='word_1_69' title='bbox 678 918 709 960; x_wconf 88' lang='lat' dir='ltr'>lb.</span> <span class='ocrx_word' id='word_1_70' title='bbox 724 932 790 959; x_wconf 84' lang='lat' dir='ltr'>mem-</span> <span class='ocrx_word' id='word_1_71' title='bbox 845 927 847 930; x_wconf 83' lang='lat'>&#39;</span> 
     </span>
     <span class='ocr_line' id='line_1_10' title="bbox 130 992 789 1050; baseline -0.002 -15"><span class='ocrx_word' id='word_1_72' title='bbox 130 995 185 1036; x_wconf 61' lang='lat' dir='ltr'>«bra.</span> <span class='ocrx_word' id='word_1_73' title='bbox 214 994 240 1035; x_wconf 94' lang='lat' dir='ltr'>In</span> <span class='ocrx_word' id='word_1_74' title='bbox 253 994 312 1039; x_wconf 86' lang='lat' dir='ltr'>Vers.</span> <span class='ocrx_word' id='word_1_75' title='bbox 333 992 393 1036; x_wconf 73' lang='lat' dir='ltr'>aeth.</span> <span class='ocrx_word' id='word_1_76' title='bbox 414 992 497 1050; x_wconf 77' lang='lat' dir='ltr'>egregie</span> <span class='ocrx_word' id='word_1_77' title='bbox 516 992 602 1036; x_wconf 77' lang='lat' dir='ltr'>additur</span> <span class='ocrx_word' id='word_1_78' title='bbox 617 999 638 1034; x_wconf 85' lang='lat' dir='ltr'>et</span> <span class='ocrx_word' id='word_1_79' title='bbox 651 994 727 1035; x_wconf 76' lang='lat' dir='ltr'>dccci</span> <span class='ocrx_word' id='word_1_80' title='bbox 740 1009 789 1045; x_wconf 81' lang='lat' dir='ltr'>cor,</span> 
     </span>
    </p>
   </div>
   <div class='ocr_carea' id='block_1_5' title="bbox 138 1055 788 1134">
    <p class='ocr_par' dir='ltr' id='par_1_5' title="bbox 138 1055 858 1134">
     <span class='ocr_line' id='line_1_11' title="bbox 138 1055 788 1134; baseline -0.004 -21"><span class='ocrx_word' id='word_1_81' title='bbox 138 1085 192 1127; x_wconf 87' lang='lat' dir='ltr'>quae</span> <span class='ocrx_word' id='word_1_82' title='bbox 210 1055 273 1112; x_wconf 85' lang='lat' dir='ltr'>verba</span> <span class='ocrx_word' id='word_1_83' title='bbox 292 1069 376 1134; x_wconf 81' lang='lat' dir='ltr'>fortasse</span> <span class='ocrx_word' id='word_1_84' title='bbox 393 1068 437 1123; x_wconf 84' lang='lat' dir='ltr'>jam</span> <span class='ocrx_word' id='word_1_85' title='bbox 455 1068 540 1112; x_wconf 72' lang='lat' dir='ltr'>deerant</span> <span class='ocrx_word' id='word_1_86' title='bbox 554 1070 576 1111; x_wconf 91' lang='lat' dir='ltr'>in</span> <span class='ocrx_word' id='word_1_87' title='bbox 591 1068 639 1112; x_wconf 84' lang='lat' dir='ltr'>ch.</span> <span class='ocrx_word' id='word_1_88' title='bbox 657 1069 693 1111; x_wconf 86' lang='lat' dir='ltr'>Gr.</span> <span class='ocrx_word' id='word_1_89' title='bbox 710 1092 740 1099; x_wconf 84' lang='lat'>—</span> <span class='ocrx_word' id='word_1_90' title='bbox 756 1069 788 1110; x_wconf 89' lang='lat' dir='ltr'>Ib.</span> 
     </span>
    </p>
   </div>
   <div class='ocr_carea' id='block_1_6' title="bbox 112 1142 799 2808">
    <p class='ocr_par' dir='ltr' id='par_1_6' title="bbox 133 1142 799 1960">
     <span class='ocr_line' id='line_1_12' title="bbox 137 1142 788 1189; baseline -0.003 -1"><span class='ocrx_word' id='word_1_91' title='bbox 137 1152 159 1188; x_wconf 81' lang='lat' dir='ltr'>et</span> <span class='ocrx_word' id='word_1_92' title='bbox 179 1160 251 1188; x_wconf 82' lang='lat' dir='ltr'>rrooem</span> <span class='ocrx_word' id='word_1_93' title='bbox 273 1146 380 1187; x_wconf 78' lang='lat' dir='ltr'>mensibus</span> <span class='ocrx_word' id='word_1_94' title='bbox 397 1168 427 1176; x_wconf 90' lang='lat'>—</span> <span class='ocrx_word' id='word_1_95' title='bbox 445 1151 521 1187; x_wconf 76' lang='lat' dir='ltr'>ereata</span> <span class='ocrx_word' id='word_1_96' title='bbox 542 1150 580 1187; x_wconf 82' lang='lat' dir='ltr'>est.</span> <span class='ocrx_word' id='word_1_97' title='bbox 610 1145 635 1186; x_wconf 91' lang='lat' dir='ltr'>Iu</span> <span class='ocrx_word' id='word_1_98' title='bbox 649 1145 707 1189; x_wconf 86' lang='lat' dir='ltr'>Vers.</span> <span class='ocrx_word' id='word_1_99' title='bbox 728 1142 788 1186; x_wconf 82' lang='lat' dir='ltr'>Aerh.</span> 
     </span>
     <span class='ocr_line' id='line_1_13' title="bbox 137 1220 790 1279; baseline -0.003 -15"><span class='ocrx_word' id='word_1_100' title='bbox 137 1221 210 1264; x_wconf 88' lang='lat' dir='ltr'>melius</span> <span class='ocrx_word' id='word_1_101' title='bbox 232 1221 309 1279; x_wconf 84' lang='lat' dir='ltr'>legitur</span> <span class='ocrx_word' id='word_1_102' title='bbox 326 1227 347 1263; x_wconf 83' lang='lat' dir='ltr'>et</span> <span class='ocrx_word' id='word_1_103' title='bbox 365 1235 438 1262; x_wconf 71' lang='lat' dir='ltr'>arcerem</span> <span class='ocrx_word' id='word_1_104' title='bbox 453 1222 560 1262; x_wconf 76' lang='lat' dir='ltr'>mensidare</span> <span class='ocrx_word' id='word_1_105' title='bbox 573 1225 652 1278; x_wconf 81' lang='lat' dir='ltr'>gestas</span> <span class='ocrx_word' id='word_1_106' title='bbox 672 1220 726 1277; x_wconf 83' lang='lat' dir='ltr'>(lege</span> <span class='ocrx_word' id='word_1_107' title='bbox 738 1235 790 1278; x_wconf 75' lang='lat' dir='ltr'>ges-</span> 
     </span>
     <span class='ocr_line' id='line_1_14' title="bbox 137 1295 789 1355; baseline -0.002 -16"><span class='ocrx_word' id='word_1_108' title='bbox 137 1303 187 1339; x_wconf 77' lang='lat' dir='ltr'>tare</span> <span class='ocrx_word' id='word_1_109' title='bbox 197 1295 269 1355; x_wconf 74' lang='lat' dir='ltr'>facis)</span> <span class='ocrx_word' id='word_1_110' title='bbox 285 1297 336 1348; x_wconf 81' lang='lat' dir='ltr'>lrcc,</span> <span class='ocrx_word' id='word_1_111' title='bbox 353 1297 412 1354; x_wconf 72' lang='lat' dir='ltr'>pared</span> <span class='ocrx_word' id='word_1_112' title='bbox 425 1303 522 1339; x_wconf 72' lang='lat' dir='ltr'>creatam</span> <span class='ocrx_word' id='word_1_113' title='bbox 537 1297 569 1339; x_wconf 80' lang='lat' dir='ltr'>ecl</span> <span class='ocrx_word' id='word_1_114' title='bbox 585 1304 624 1339; x_wconf 88' lang='lat' dir='ltr'>cet.</span> <span class='ocrx_word' id='word_1_115' title='bbox 641 1297 789 1339; x_wconf 78' lang='lat' dir='ltr'>TeutusGrae-</span> 
     </span>
     <span class='ocr_line' id='line_1_15' title="bbox 137 1371 790 1430; baseline -0.002 -14"><span class='ocrx_word' id='word_1_116' title='bbox 137 1388 173 1416; x_wconf 84' lang='lat' dir='ltr'>cus</span> <span class='ocrx_word' id='word_1_117' title='bbox 188 1373 320 1430; x_wconf 85' lang='lat' dir='ltr'>probabiliter</span> <span class='ocrx_word' id='word_1_118' title='bbox 333 1372 362 1415; x_wconf 90' lang='lat' dir='ltr'>sic</span> <span class='ocrx_word' id='word_1_119' title='bbox 374 1388 395 1414; x_wconf 95' lang='lat' dir='ltr'>se</span> <span class='ocrx_word' id='word_1_120' title='bbox 404 1372 486 1415; x_wconf 82' lang='lat' dir='ltr'>habuit:</span> <span class='ocrx_word' id='word_1_121' title='bbox 502 1374 535 1416; x_wconf 77' lang='grc' dir='ltr'>καὶ</span> <span class='ocrx_word' id='word_1_122' title='bbox 543 1372 600 1417; x_wconf 75' lang='grc' dir='ltr'><em>ἐννέα</em></span> <span class='ocrx_word' id='word_1_123' title='bbox 608 1371 678 1428; x_wconf 65' lang='lat' dir='ltr'>privor</span> <span class='ocrx_word' id='word_1_124' title='bbox 686 1371 790 1427; x_wconf 79' lang='grc' dir='ltr'><em>α’πσμέαεις</em></span> 
     </span>
     <span class='ocr_line' id='line_1_16' title="bbox 135 1445 791 1507; baseline -0.002 -16"><span class='ocrx_word' id='word_1_125' title='bbox 135 1447 159 1491; x_wconf 76' lang='grc' dir='ltr'>τά</span> <span class='ocrx_word' id='word_1_126' title='bbox 167 1446 253 1504; x_wconf 98' lang='grc' dir='ltr'><em>πλάσμα</em></span> <span class='ocrx_word' id='word_1_127' title='bbox 267 1452 305 1491; x_wconf 79' lang='grc' dir='ltr'>σοῦ</span> <span class='ocrx_word' id='word_1_128' title='bbox 317 1448 341 1492; x_wconf 76' lang='grc' dir='ltr'>τά</span> <span class='ocrx_word' id='word_1_129' title='bbox 353 1450 375 1491; x_wconf 80' lang='grc' dir='ltr'>ἓν</span> <span class='ocrx_word' id='word_1_130' title='bbox 388 1447 442 1507; x_wconf 75' lang='grc' dir='ltr'>αὐτῇ</span> <span class='ocrx_word' id='word_1_131' title='bbox 454 1448 582 1503; x_wconf 58' lang='lat' dir='ltr'>neminemne.</span> <span class='ocrx_word' id='word_1_132' title='bbox 610 1448 651 1489; x_wconf 88' lang='lat' dir='ltr'>Pro</span> <span class='ocrx_word' id='word_1_133' title='bbox 666 1447 689 1491; x_wconf 80' lang='grc' dir='ltr'>πὸ</span> <span class='ocrx_word' id='word_1_134' title='bbox 705 1445 791 1503; x_wconf 88' lang='grc' dir='ltr'><em>πλάσμα</em></span> 
     </span>
     <span class='ocr_line' id='line_1_17' title="bbox 136 1523 789 1581; baseline -0.003 -14"><span class='ocrx_word' id='word_1_135' title='bbox 136 1529 175 1568; x_wconf 78' lang='grc' dir='ltr'>σοῦ</span> <span class='ocrx_word' id='word_1_136' title='bbox 193 1525 244 1567; x_wconf 91' lang='lat' dir='ltr'>alius</span> <span class='ocrx_word' id='word_1_137' title='bbox 265 1524 291 1567; x_wconf 92' lang='lat' dir='ltr'>ad</span> <span class='ocrx_word' id='word_1_138' title='bbox 312 1523 428 1581; x_wconf 84' lang='lat' dir='ltr'>marginem</span> <span class='ocrx_word' id='word_1_139' title='bbox 444 1523 522 1565; x_wconf 85' lang='lat' dir='ltr'>notarit</span> <span class='ocrx_word' id='word_1_140' title='bbox 541 1523 578 1581; x_wconf 63' lang='grc' dir='ltr'>τήν</span> <span class='ocrx_word' id='word_1_141' title='bbox 591 1524 653 1567; x_wconf 77' lang='grc' dir='ltr'><em>κτίσιν</em></span> <span class='ocrx_word' id='word_1_142' title='bbox 667 1528 705 1567; x_wconf 82' lang='grc' dir='ltr'>σοῦ</span> <span class='ocrx_word' id='word_1_143' title='bbox 710 1557 717 1576; x_wconf 85' lang='grc'>,</span> <span class='ocrx_word' id='word_1_144' title='bbox 736 1538 789 1580; x_wconf 89' lang='lat' dir='ltr'>quae</span> 
     </span>
     <span class='ocr_line' id='line_1_18' title="bbox 134 1597 799 1657; baseline 0.002 -16"><span class='ocrx_word' id='word_1_145' title='bbox 134 1601 197 1643; x_wconf 84' lang='lat' dir='ltr'>rerba</span> <span class='ocrx_word' id='word_1_146' title='bbox 209 1601 256 1643; x_wconf 91' lang='lat' dir='ltr'>dein</span> <span class='ocrx_word' id='word_1_147' title='bbox 270 1608 316 1657; x_wconf 87' lang='lat' dir='ltr'>post</span> <span class='ocrx_word' id='word_1_148' title='bbox 330 1599 354 1644; x_wconf 78' lang='lat' dir='ltr'>ad</span> <span class='ocrx_word' id='word_1_149' title='bbox 366 1597 452 1654; x_wconf 89' lang='grc' dir='ltr'><em>πλάσμα</em></span> <span class='ocrx_word' id='word_1_150' title='bbox 465 1602 504 1644; x_wconf 74' lang='lat' dir='ltr'>cari</span> <span class='ocrx_word' id='word_1_151' title='bbox 516 1600 538 1641; x_wconf 91' lang='lat' dir='ltr'>in</span> <span class='ocrx_word' id='word_1_152' title='bbox 550 1606 629 1642; x_wconf 78' lang='lat' dir='ltr'>textum</span> <span class='ocrx_word' id='word_1_153' title='bbox 642 1607 690 1641; x_wconf 88' lang='lat' dir='ltr'>sunt</span> <span class='ocrx_word' id='word_1_154' title='bbox 699 1600 799 1656; x_wconf 62' lang='lat' dir='ltr'>recepta,&gt;</span> 
     </span>
     <span class='ocr_line' id='line_1_19' title="bbox 133 1674 789 1731; baseline 0.002 -14"><span class='ocrx_word' id='word_1_155' title='bbox 133 1675 190 1719; x_wconf 86' lang='lat' dir='ltr'>hisce</span> <span class='ocrx_word' id='word_1_156' title='bbox 216 1677 283 1719; x_wconf 80' lang='lat' dir='ltr'>verbis</span> <span class='ocrx_word' id='word_1_157' title='bbox 303 1676 325 1718; x_wconf 93' lang='lat' dir='ltr'>in</span> <span class='ocrx_word' id='word_1_158' title='bbox 351 1675 476 1718; x_wconf 77' lang='lat' dir='ltr'>nominativo</span> <span class='ocrx_word' id='word_1_159' title='bbox 493 1676 575 1727; x_wconf 77' lang='lat' dir='ltr'>sumtis‚</span> <span class='ocrx_word' id='word_1_160' title='bbox 597 1674 638 1731; x_wconf 87' lang='lat' dir='ltr'>quo</span> <span class='ocrx_word' id='word_1_161' title='bbox 656 1676 746 1728; x_wconf 84' lang='lat' dir='ltr'>factum,</span> <span class='ocrx_word' id='word_1_162' title='bbox 765 1684 789 1718; x_wconf 86' lang='lat' dir='ltr'>ut</span> 
     </span>
     <span class='ocr_line' id='line_1_20' title="bbox 133 1750 788 1806; baseline 0.002 -12"><span class='ocrx_word' id='word_1_163' title='bbox 133 1751 238 1806; x_wconf 70' lang='lat' dir='ltr'>alcandrae</span> <span class='ocrx_word' id='word_1_164' title='bbox 257 1759 359 1794; x_wconf 85' lang='lat' dir='ltr'>mutatum</span> <span class='ocrx_word' id='word_1_165' title='bbox 383 1751 408 1793; x_wconf 91' lang='lat' dir='ltr'>sit</span> <span class='ocrx_word' id='word_1_166' title='bbox 432 1752 455 1793; x_wconf 90' lang='lat' dir='ltr'>in</span> <span class='ocrx_word' id='word_1_167' title='bbox 475 1750 579 1805; x_wconf 66' lang='grc' dir='ltr'><em>ὑπομένει,</em></span> <span class='ocrx_word' id='word_1_168' title='bbox 600 1758 620 1792; x_wconf 94' lang='lat' dir='ltr'>et</span> <span class='ocrx_word' id='word_1_169' title='bbox 641 1751 703 1793; x_wconf 84' lang='lat' dir='ltr'>verba</span> <span class='ocrx_word' id='word_1_170' title='bbox 725 1750 749 1795; x_wconf 68' lang='lat' dir='ltr'>w*</span> <span class='ocrx_word' id='word_1_171' title='bbox 762 1778 788 1785; x_wconf 90' lang='lat'>—-</span> 
     </span>
     <span class='ocr_line' id='line_1_21' title="bbox 134 1826 788 1885; baseline 0 -15"><span class='ocrx_word' id='word_1_172' title='bbox 134 1827 270 1882; x_wconf 73' lang='grc' dir='ltr'><em>απαίσμενον,</em></span> <span class='ocrx_word' id='word_1_173' title='bbox 284 1835 368 1884; x_wconf 86' lang='lat' dir='ltr'>propter</span> <span class='ocrx_word' id='word_1_174' title='bbox 378 1826 535 1884; x_wconf 83' lang='lat' dir='ltr'>praecedentem</span> <span class='ocrx_word' id='word_1_175' title='bbox 547 1840 619 1869; x_wconf 84' lang='lat' dir='ltr'>vocem</span> <span class='ocrx_word' id='word_1_176' title='bbox 631 1827 705 1880; x_wconf 77' lang='grc' dir='ltr'><em>κτίσιν,</em></span> <span class='ocrx_word' id='word_1_177' title='bbox 718 1827 740 1870; x_wconf 92' lang='lat' dir='ltr'>in</span> <span class='ocrx_word' id='word_1_178' title='bbox 751 1827 788 1885; x_wconf 73' lang='grc' dir='ltr'>τήν</span> 
     </span>
     <span class='ocr_line' id='line_1_22' title="bbox 134 1900 306 1960; baseline 0.006 -15"><span class='ocrx_word' id='word_1_179' title='bbox 134 1929 162 1936; x_wconf 89' lang='grc'><strong>-</strong></span> <span class='ocrx_word' id='word_1_180' title='bbox 175 1900 306 1960; x_wconf 73' lang='grc' dir='ltr'>αεστίσμενην.</span> 
     </span>
    </p>

    <p class='ocr_par' dir='ltr' id='par_1_7' title="bbox 112 1977 788 2808">
     <span class='ocr_line' id='line_1_23' title="bbox 164 1977 788 2037; baseline -0.003 -15"><span class='ocrx_word' id='word_1_181' title='bbox 164 1978 199 2022; x_wconf 85' lang='lat' dir='ltr'>Vs.</span> <span class='ocrx_word' id='word_1_182' title='bbox 213 1981 234 2022; x_wconf 84' lang='lat'>9.</span> <span class='ocrx_word' id='word_1_183' title='bbox 252 1978 330 2037; x_wconf 77' lang='lat' dir='ltr'>Ipsam</span> <span class='ocrx_word' id='word_1_184' title='bbox 342 2002 372 2013; x_wconf 93' lang='lat'>-</span> <span class='ocrx_word' id='word_1_185' title='bbox 385 1984 521 2037; x_wconf 76' lang='lat' dir='ltr'>servataque.</span> <span class='ocrx_word' id='word_1_186' title='bbox 552 1979 577 2021; x_wconf 89' lang='lat' dir='ltr'>In</span> <span class='ocrx_word' id='word_1_187' title='bbox 590 1978 647 2023; x_wconf 88' lang='lat' dir='ltr'>Vers.</span> <span class='ocrx_word' id='word_1_188' title='bbox 663 1977 724 2021; x_wconf 88' lang='lat' dir='ltr'>Aeth.</span> <span class='ocrx_word' id='word_1_189' title='bbox 737 1979 788 2036; x_wconf 82' lang='lat' dir='ltr'>legi-</span> 
     </span>
     <span class='ocr_line' id='line_1_24' title="bbox 112 2053 786 2115; baseline 0.004 -20"><span class='ocrx_word' id='word_1_190' title='bbox 112 2085 113 2088; x_wconf 24' lang='lat'><em>*</em></span> <span class='ocrx_word' id='word_1_191' title='bbox 133 2060 168 2095; x_wconf 91' lang='lat' dir='ltr'>tur</span> <span class='ocrx_word' id='word_1_192' title='bbox 182 2060 204 2096; x_wconf 80' lang='lat' dir='ltr'>et</span> <span class='ocrx_word' id='word_1_193' title='bbox 219 2061 361 2097; x_wconf 78' lang='lat' dir='ltr'>conservatur</span> <span class='ocrx_word' id='word_1_194' title='bbox 374 2053 459 2115; x_wconf 83' lang='lat' dir='ltr'>(nempe</span> <span class='ocrx_word' id='word_1_195' title='bbox 471 2054 494 2099; x_wconf 77' lang='grc' dir='ltr'>τά</span> <span class='ocrx_word' id='word_1_196' title='bbox 507 2053 593 2111; x_wconf 88' lang='grc' dir='ltr'><em>πλάσμα</em></span> <span class='ocrx_word' id='word_1_197' title='bbox 607 2055 652 2111; x_wconf 83' lang='grc' dir='ltr'><em>σοῦ)</em></span> <span class='ocrx_word' id='word_1_198' title='bbox 668 2056 730 2097; x_wconf 79' lang='lat' dir='ltr'>verbo</span> <span class='ocrx_word' id='word_1_199' title='bbox 744 2060 786 2107; x_wconf 78' lang='lat' dir='ltr'>tao,</span> 
     </span>
     <span class='ocr_line' id='line_1_25' title="bbox 134 2131 787 2189; baseline 0.005 -17"><span class='ocrx_word' id='word_1_200' title='bbox 134 2136 187 2187; x_wconf 77' lang='lat' dir='ltr'>quae</span> <span class='ocrx_word' id='word_1_201' title='bbox 198 2131 261 2173; x_wconf 80' lang='lat' dir='ltr'>verba</span> <span class='ocrx_word' id='word_1_202' title='bbox 273 2146 392 2189; x_wconf 81' lang='lat' dir='ltr'>germanam</span> <span class='ocrx_word' id='word_1_203' title='bbox 407 2131 517 2174; x_wconf 88' lang='lat' dir='ltr'>lectionem</span> <span class='ocrx_word' id='word_1_204' title='bbox 530 2131 630 2189; x_wconf 89' lang='lat' dir='ltr'>praebere</span> <span class='ocrx_word' id='word_1_205' title='bbox 643 2131 694 2174; x_wconf 90' lang='lat' dir='ltr'>milri</span> <span class='ocrx_word' id='word_1_206' title='bbox 711 2132 787 2175; x_wconf 85' lang='lat' dir='ltr'>viden-</span> 
     </span>
     <span class='ocr_line' id='line_1_26' title="bbox 133 2205 786 2269; baseline 0.008 -23"><span class='ocrx_word' id='word_1_207' title='bbox 133 2212 175 2246; x_wconf 92' lang='lat' dir='ltr'>tur.</span> <span class='ocrx_word' id='word_1_208' title='bbox 206 2206 285 2249; x_wconf 84' lang='lat' dir='ltr'>Graece</span> <span class='ocrx_word' id='word_1_209' title='bbox 305 2223 355 2265; x_wconf 82' lang='lat' dir='ltr'>ergo</span> <span class='ocrx_word' id='word_1_210' title='bbox 373 2207 413 2249; x_wconf 77' lang='lat' dir='ltr'>furt</span> <span class='ocrx_word' id='word_1_211' title='bbox 427 2211 486 2251; x_wconf 79' lang='grc' dir='ltr'><strong><em>τοῦτο</em></strong></span> <span class='ocrx_word' id='word_1_212' title='bbox 500 2207 524 2251; x_wconf 74' lang='grc' dir='ltr'>δὲ</span> <span class='ocrx_word' id='word_1_213' title='bbox 538 2206 622 2260; x_wconf 74' lang='grc' dir='ltr'><em>σώζεται</em></span> <span class='ocrx_word' id='word_1_214' title='bbox 635 2211 665 2268; x_wconf 77' lang='grc' dir='ltr'>τῷ</span> <span class='ocrx_word' id='word_1_215' title='bbox 677 2205 729 2269; x_wconf 73' lang='grc' dir='ltr'>λόγῳ</span> <span class='ocrx_word' id='word_1_216' title='bbox 742 2211 786 2251; x_wconf 77' lang='grc' dir='ltr'><em>σοῦ.</em></span> 
     </span>
     <span class='ocr_line' id='line_1_27' title="bbox 133 2281 787 2343; baseline 0.003 -21"><span class='ocrx_word' id='word_1_217' title='bbox 133 2281 180 2323; x_wconf 81' lang='lat' dir='ltr'>lam</span> <span class='ocrx_word' id='word_1_218' title='bbox 195 2295 242 2324; x_wconf 86' lang='lat' dir='ltr'>vero</span> <span class='ocrx_word' id='word_1_219' title='bbox 262 2283 285 2325; x_wconf 88' lang='lat' dir='ltr'>in</span> <span class='ocrx_word' id='word_1_220' title='bbox 302 2283 351 2327; x_wconf 84' lang='lat' dir='ltr'>God.</span> <span class='ocrx_word' id='word_1_221' title='bbox 372 2284 417 2335; x_wconf 76' lang='lat' dir='ltr'>Gn,</span> <span class='ocrx_word' id='word_1_222' title='bbox 437 2298 478 2341; x_wconf 92' lang='lat' dir='ltr'>quo</span> <span class='ocrx_word' id='word_1_223' title='bbox 497 2299 546 2326; x_wconf 91' lang='lat' dir='ltr'>usus</span> <span class='ocrx_word' id='word_1_224' title='bbox 568 2283 704 2343; x_wconf 74' lang='lat' dir='ltr'>estLatinus,</span> <span class='ocrx_word' id='word_1_225' title='bbox 723 2284 787 2326; x_wconf 86' lang='lat' dir='ltr'>iuter-</span> 
     </span>
     <span class='ocr_line' id='line_1_28' title="bbox 133 2357 787 2418; baseline 0.005 -20"><span class='ocrx_word' id='word_1_226' title='bbox 133 2357 199 2413; x_wconf 85' lang='lat' dir='ltr'>posita</span> <span class='ocrx_word' id='word_1_227' title='bbox 218 2367 276 2402; x_wconf 83' lang='lat' dir='ltr'>erant</span> <span class='ocrx_word' id='word_1_228' title='bbox 296 2359 322 2402; x_wconf 84' lang='lat' dir='ltr'>ab</span> <span class='ocrx_word' id='word_1_229' title='bbox 341 2359 411 2417; x_wconf 87' lang='lat' dir='ltr'>aliquo</span> <span class='ocrx_word' id='word_1_230' title='bbox 430 2359 523 2411; x_wconf 86' lang='lat' dir='ltr'>librario,</span> <span class='ocrx_word' id='word_1_231' title='bbox 538 2361 574 2418; x_wconf 90' lang='lat' dir='ltr'>qui</span> <span class='ocrx_word' id='word_1_232' title='bbox 587 2360 719 2418; x_wconf 86' lang='lat' dir='ltr'>interpretem</span> <span class='ocrx_word' id='word_1_233' title='bbox 733 2374 787 2417; x_wconf 79' lang='lat' dir='ltr'>age—</span> 
     </span>
     <span class='ocr_line' id='line_1_29' title="bbox 134 2434 787 2496; baseline 0.005 -21"><span class='ocrx_word' id='word_1_234' title='bbox 134 2434 271 2488; x_wconf 69' lang='lat' dir='ltr'>recoluerit,</span> <span class='ocrx_word' id='word_1_235' title='bbox 289 2444 335 2492; x_wconf 86' lang='lat' dir='ltr'>post</span> <span class='ocrx_word' id='word_1_236' title='bbox 350 2440 409 2481; x_wconf 78' lang='grc' dir='ltr'><strong><em>τοῦτο</em></strong></span> <span class='ocrx_word' id='word_1_237' title='bbox 430 2437 454 2480; x_wconf 76' lang='grc' dir='ltr'>δὲ</span> <span class='ocrx_word' id='word_1_238' title='bbox 470 2438 586 2493; x_wconf 80' lang='lat' dir='ltr'>sequentia:</span> <span class='ocrx_word' id='word_1_239' title='bbox 601 2434 684 2491; x_wconf 77' lang='grc' dir='ltr'><em>ὃσάζει</em></span> <span class='ocrx_word' id='word_1_240' title='bbox 705 2436 787 2496; x_wconf 85' lang='lat' dir='ltr'>(nempe</span> 
     </span>
     <span class='ocr_line' id='line_1_30' title="bbox 133 2506 786 2572; baseline 0.006 -19"><span class='ocrx_word' id='word_1_241' title='bbox 133 2506 236 2569; x_wconf 74' lang='grc' dir='ltr'>ἦμήτρα]</span> <span class='ocrx_word' id='word_1_242' title='bbox 256 2514 289 2556; x_wconf 75' lang='grc' dir='ltr'>καὶ</span> <span class='ocrx_word' id='word_1_243' title='bbox 306 2510 318 2557; x_wconf 80' lang='grc' dir='ltr'><em>ὃ</em></span> <span class='ocrx_word' id='word_1_244' title='bbox 334 2512 419 2565; x_wconf 57' lang='lat' dir='ltr'>uallarat</span> <span class='ocrx_word' id='word_1_245' title='bbox 434 2512 517 2572; x_wconf 89' lang='lat' dir='ltr'>(nempe</span> <span class='ocrx_word' id='word_1_246' title='bbox 530 2513 554 2558; x_wconf 66' lang='lat' dir='ltr'>rc*</span> <span class='ocrx_word' id='word_1_247' title='bbox 566 2512 659 2572; x_wconf 86' lang='grc' dir='ltr'><em>πλάσμα)</em></span> <span class='ocrx_word' id='word_1_248' title='bbox 672 2512 786 2572; x_wconf 66' lang='grc' dir='ltr'><em>α’μφάτεραζ</em></span> 
     </span>
     <span class='ocr_line' id='line_1_31' title="bbox 134 2588 786 2647; baseline 0.008 -19"><span class='ocrx_word' id='word_1_249' title='bbox 134 2601 189 2644; x_wconf 91' lang='lat' dir='ltr'>quae</span> <span class='ocrx_word' id='word_1_250' title='bbox 203 2588 275 2641; x_wconf 77' lang='lat' dir='ltr'>rerba,</span> <span class='ocrx_word' id='word_1_251' title='bbox 290 2597 398 2647; x_wconf 79' lang='lat' dir='ltr'>postquam</span> <span class='ocrx_word' id='word_1_252' title='bbox 409 2590 431 2631; x_wconf 93' lang='lat' dir='ltr'>in</span> <span class='ocrx_word' id='word_1_253' title='bbox 444 2591 523 2632; x_wconf 82' lang='lat' dir='ltr'>textum</span> <span class='ocrx_word' id='word_1_254' title='bbox 532 2590 665 2647; x_wconf 79' lang='lat' dir='ltr'>irrepserant,</span> <span class='ocrx_word' id='word_1_255' title='bbox 674 2591 786 2633; x_wconf 88' lang='lat' dir='ltr'>necessario</span> 
     </span>
     <span class='ocr_line' id='line_1_32' title="bbox 135 2662 787 2724; baseline 0.005 -19"><span class='ocrx_word' id='word_1_256' title='bbox 135 2662 260 2715; x_wconf 85' lang='lat' dir='ltr'>effecerunt,</span> <span class='ocrx_word' id='word_1_257' title='bbox 276 2671 299 2706; x_wconf 89' lang='lat' dir='ltr'>ut</span> <span class='ocrx_word' id='word_1_258' title='bbox 312 2680 349 2721; x_wconf 92' lang='lat' dir='ltr'>pro</span> <span class='ocrx_word' id='word_1_259' title='bbox 363 2664 447 2718; x_wconf 72' lang='grc' dir='ltr'><em>σώζεται</em></span> <span class='ocrx_word' id='word_1_260' title='bbox 460 2666 563 2724; x_wconf 82' lang='lat' dir='ltr'>legeretur</span> <span class='ocrx_word' id='word_1_261' title='bbox 580 2662 678 2718; x_wconf 76' lang='grc' dir='ltr'><em>σώζονται</em></span> <span class='ocrx_word' id='word_1_262' title='bbox 691 2667 723 2709; x_wconf 80' lang='lat' dir='ltr'>rel</span> <span class='ocrx_word' id='word_1_263' title='bbox 740 2682 787 2724; x_wconf 91' lang='lat' dir='ltr'>pro-</span> 
     </span>
     <span class='ocr_line' id='line_1_33' title="bbox 134 2740 787 2808; baseline 0.006 -27"><span class='ocrx_word' id='word_1_264' title='bbox 134 2746 180 2794; x_wconf 87' lang='lat' dir='ltr'>pter</span> <span class='ocrx_word' id='word_1_265' title='bbox 194 2740 239 2784; x_wconf 89' lang='lat' dir='ltr'>soni</span> <span class='ocrx_word' id='word_1_266' title='bbox 253 2740 475 2808; x_wconf 24' lang='lat' dir='ltr'>similitudmemymale</span> <span class='ocrx_word' id='word_1_267' title='bbox 489 2741 594 2788; x_wconf 83' lang='grc' dir='ltr'><em>σάσοαται.</em></span> <span class='ocrx_word' id='word_1_268' title='bbox 620 2742 688 2787; x_wconf 83' lang='lat' dir='ltr'>Verba</span> <span class='ocrx_word' id='word_1_269' title='bbox 697 2758 745 2786; x_wconf 84' lang='lat' dir='ltr'>vero</span> <span class='ocrx_word' id='word_1_270' title='bbox 757 2744 787 2803; x_wconf 72' lang='grc' dir='ltr'>τῷ</span> 
     </span>
    </p>
   </div>
   <div class='ocr_carea' id='block_1_7' title="bbox 0 0 884 3351">
    <p class='ocr_par' dir='ltr' id='par_1_8' title="bbox 0 0 884 3351">
     <span class='ocr_line' id='line_1_34' title="bbox 0 0 884 3351; baseline 0 1"><span class='ocrx_word' id='word_1_271' title='bbox 0 0 884 3351; x_wconf 95' lang='lat' dir='ltr'> </span> 
     </span>
    </p>
   </div>
  </div>
 </body>
</html>
