1758 3351
490 274 519 314 66

173 400 263 457 ptiornes
275 410 324 452 ergo
336 395 484 453 intelligendae
499 401 547 435 sunt
558 397 638 437 rainae
652 404 672 437 et
681 395 831 446 calamitates,

179 489 229 531 quas
250 487 310 530 reges
330 472 364 514 isti
383 487 420 528 por
438 480 513 514 terram
532 472 622 527 sparsuri
637 479 701 514 erant.
727 470 832 515 Versionis

179 555 249 591 autem
255 547 389 606 Aethiopicae
400 561 469 590 sensns
479 553 518 588 est:
534 544 628 588 IIIessiam
639 561 689 602 opus
701 560 773 589 eornm
782 538 833 604 (ma-

177 623 230 683 lum)
246 640 316 668 coram
329 625 378 681 ipsis
389 609 431 666 esse
439 629 617 666 coacervatorum:
629 637 683 678 quae
692 622 775 667 dicendi
782 623 833 664 ratio

177 702 237 745 valde
257 701 352 745 convenit
372 714 421 743 cnm
433 699 469 750 iis,
488 713 541 757 quae
557 699 580 741 in
592 699 650 744 Vers.
666 700 709 742 Lat.
724 700 831 756 leguntur:

176 778 269 820 Messinm
287 777 313 818 iis
336 776 507 833 exprobraturum
526 790 568 817 esse
588 775 725 829 calamitates,
744 789 833 831 quarum

176 861 271 896 auctores
282 854 366 896 fuerint.

206 930 241 975 Vs.
258 931 294 972 34.
316 943 392 970 metam.
423 927 514 970 Praestat
533 941 582 968 curn
602 928 661 971 Vers.
681 926 741 970 Aerh.
762 928 833 985 legere
871 960 873 963 .

176 1021 245 1049 snam.
669 1050 671 1058 ,

206 1083 242 1127 Vs.
260 1085 295 1125 35.
312 1080 368 1125 Hoc.
392 1081 441 1122 Post
455 1079 512 1122 illam
528 1080 623 1122 voculam
638 1079 736 1122 excidisse
750 1078 832 1122 videtur

177 1164 222 1210 est,
239 1165 259 1200 et
274 1165 320 1214 post
335 1145 531 1214 interpretationes
545 1171 660 1213 pronomen
675 1159 729 1200 eins.

206 1236 242 1280 Vs,
259 1236 294 1277 37.
316 1221 349 1276 ea.
373 1234 428 1291 Lege
443 1247 503 1284 enm;
525 1247 563 1289 per
579 1248 669 1276 errorem
684 1231 723 1276 hoc
740 1234 832 1276 vocabu—

176 1312 223 1354 lum
238 1309 265 1353 ad
280 1313 353 1353 omnia
366 1312 412 1352 ista
428 1310 517 1352 relatum
528 1309 621 1362 videtur,
635 1325 685 1353 cnm
698 1317 767 1353 tannen
781 1310 833 1351 refe-

176 1387 266 1430 rendum
280 1387 306 1429 sit
320 1386 346 1429 ad
362 1387 426 1429 li'bro.

205 1463 241 1508 Vs.
256 1465 290 1505 42.
301 1463 401 1521 papalis.
418 1462 472 1520 Lege
480 1461 612 1520 Prophetes,
622 1463 762 1505 consentiente
772 1464 832 1505 utria-

176 1542 217 1597 qne
238 1539 296 1584 Vens.
315 1538 395 1581 Orient.
407 1563 437 1571 -
451 1539 482 1581 m
498 1544 520 1580 et
533 1541 597 1581 atacis
610 1540 705 1581 salvata.
736 1539 832 1581 Contenta

176 1616 240 1657 oratio
259 1615 361 1672 postulat,
384 1622 408 1656 ut
420 1614 501 1672 legatur
516 1621 550 1657 est
562 1617 616 1657 navi
628 1616 738 1666 salvatae,
753 1615 832 1658 eonfir-

175 1698 246 1733 monte
261 1692 319 1735 Vers.
335 1690 398 1733 Arab.

205 1769 241 1812 Vs.
253 1769 289 1810 47.
302 1769 404 1809 tentione.
423 1766 466 1809 Nisi
479 1769 596 1809 tentatione
606 1768 717 1824 legendum
730 1769 763 1823 sit,
773 1783 832 1824 prae-

177 1851 216 1886 stat
231 1858 280 1887 cum
296 1843 332 1885 IIIs.
348 1843 456 1899 Sangerm.
471 1843 541 1900 legere
556 1844 697 1884 contentione·

207 1919 242 1965 Vs.
260 1922 295 1963 48.
312 1925 405 1962 vestrae.
429 1920 536 1961 Praestare
551 1917 632 1960 videtur
648 1933 695 1961 eum
703 1918 761 1963 Vers.
770 1918 830 1961 Aetli.

175 1997 245 2055 legere
259 2001 356 2039 nostrae.

462 2098 544 2113 ‚Q—

410 2234 427 2279 C
445 2235 464 2280 A
481 2234 505 2280 Ρ.
539 2234 595 2280 XIII.

207 2384 242 2428 Vs.
258 2387 279 2426 3.
296 2383 330 2426 Et
340 2384 392 2427 nidi.
416 2385 464 2427 Post
477 2384 529 2427 haee
541 2385 604 2427 rerba
617 2386 695 2431 eVers.
705 2385 766 2428 Aetli.
779 2401 831 2429 non-

176 2461 234 2503 nulla
249 2460 362 2518 supplenda
377 2468 435 2504 sunt:
448 2463 505 2503 exiit
523 2468 598 2504 vettius
612 2464 647 2506 lae
664 2478 675 2505 e
687 2464 748 2504 atari
758 2465 832 2505 instar·

175 2538 275 2581 leoninis.
296 2538 392 2581 Fortassis
403 2545 451 2580 ante
467 2540 522 2579 exiit
536 2553 621 2597 quoqne
633 2539 711 2595 lectum
724 2538 764 2581 fnit
777 2554 830 2590 ecce,

178 2621 198 2655 et
213 2612 262 2655 inde
277 2613 337 2657 facile
351 2613 441 2671 intelligi
456 2615 544 2671 poterit,
567 2631 604 2673 per
619 2615 727 2658 oculorum
743 2616 831 2660 aberra-

176 2691 256 2746 tionem
271 2704 283 2731 a
297 2690 362 2745 priori
377 2705 424 2733 ecee
437 2690 462 2733 ad
476 2691 565 2735 alterum
580 2693 677 2736 lacunam
697 2701 763 2736 ortam
776 2708 829 2744 esse;

172 2767 216 2810 fieri
233 2775 303 2811 tamen
318 2775 396 2825 potest,
413 2769 472 2811 utin
488 2769 524 2814 Gr.
540 2769 695 2814 condonans
708 2771 752 2825 jam
766 2771 829 2813 affue-
