1758 3351
360 237 387 278 37

282 386 304 448 'c
321 401 341 448 A
357 402 382 447 o.
417 401 451 448 u.

71 518 131 560 Deest
149 517 170 560 h.
190 518 205 558 l.
226 533 344 575 responsum
367 517 392 560 ad
408 519 562 577 quaestionem,
576 521 598 562 in
617 521 693 562 ultimo

41 594 186 652 praecedentis
197 594 270 652 Capitis
285 609 350 652 versu
359 594 385 637 ab
399 595 451 638 Euro
462 596 575 651 prolatam,
590 596 645 651 quod
658 606 692 640 tu—

41 686 90 713 men
106 671 181 729 legitur
196 670 218 713 in
232 677 322 724 utraque
336 669 394 713 Vers.
411 670 490 712 Orient.
614 726 617 732 1
671 716 674 719 ,

70 747 105 793 Vs.
123 750 143 790 3.
168 752 238 790 mutue
260 747 358 787 uirtutes.
392 747 417 787 In
437 748 473 788 Me.
493 748 600 804 Sangerm.
618 747 693 805 legitur

42 831 98 881 metu
114 824 210 864 uirtutis.
240 821 363 879 Legendum-
375 830 445 864 eutem
461 837 504 865 esse
517 828 611 865 motuum
622 826 694 866 uirtu-

43 906 74 941 tes
89 898 149 941 docet
162 898 220 943 Veis.
232 897 300 949 Aetiu,
313 900 335 940 in
351 913 392 955 qua
405 898 493 941 habetur
502 902 541 941 'm's
555 905 629 942 terrae
641 891 693 943 mo-

42 980 84 1016 tus
101 974 158 1018 Voce
170 979 263 1015 motuum
277 973 379 1028 interpres
392 974 475 1015 Latinus
487 974 508 1016 h.
521 974 536 1015 l.
546 977 620 1030 procul
631 975 694 1018 dubio

43 1050 140 1105 expressit
153 1048 240 1102 numum
257 1048 340 1089 notione
355 1053 429 1090 terrae
441 1053 544 1100 motuum,
559 1056 579 1090 et
591 1065 629 1105 per
645 1054 692 1092 utr-

43 1131 101 1177 tutes
116 1122 204 1179 intelligi
220 1124 279 1163 vires
295 1122 382 1179 quisque
397 1123 460 1165 novit.

71 1200 107 1245 Vs.
132 1202 151 1241 4.
176 1203 197 1240 et
218 1203 333 1255 antequam
355 1204 482 1240 aestuarent
498 1223 527 1230 -
547 1197 609 1242 Siom
640 1200 696 1242 Haec

43 1278 105 1320 serbe
120 1276 193 1318 desunt
206 1275 229 1316 in
243 1275 301 1319 Vers.
316 1273 388 1325 Aeth„
403 1289 443 1317 nec
455 1289 504 1317 cum
515 1274 610 1317 contexti
622 1276 696 1317 oratio-

44 1369 71 1396 ne
86 1345 142 1395 recte
152 1351 283 1402 conveniunt,
300 1351 406 1408 quocirca,
418 1351 458 1393 nisi
472 1351 512 1392 sint
526 1350 632 1407 ejicienda,
647 1367 695 1394 cum
713 1358 715 1362 ’

44 1431 73 1474 Gt
87 1445 107 1472 v.
122 1429 143 1471 d.
158 1422 215 1471 Pahn
229 1427 295 1483 potius
311 1442 348 1483 pro
360 1425 418 1469 Suu
431 1428 500 1484 legam
513 1428 548 1470 sol
560 1459 565 1469 ,

74 1506 109 1551 Vs.
127 1508 147 1548 6.
170 1509 191 1546 et
201 1505 269 1561 factu
291 1508 342 1545 suut
360 1527 389 1533 -
405 1517 450 1560 per
464 1503 541 1544 (alium.
573 1504 613 1544 Pro
628 1503 659 1545 his
674 1504 696 1545 in

44 1583 102 1626 vers.
115 1578 176 1622 Aeth.
192 1579 268 1636 legitur
281 1578 340 1637 quod
351 1581 398 1637 ipse
412 1593 473 1621 erum
487 1583 508 1620 et
515 1593 557 1620 nou
565 1580 631 1630 uuus,
642 1572 710 1636 quoe*

45 1658 106 1700 lectio
119 1656 199 1697 videtur
212 1654 356 1711 praeferende:
370 1669 418 1697 nem
433 1653 455 1697 h.
465 1654 480 1697 l.
492 1663 558 1716 sermo
569 1670 611 1697 esse
623 1656 697 1713 nequit

46 1733 72 1775 de
88 1729 191 1774 creatione
205 1730 297 1772 omnium
312 1744 393 1781 rerum,
411 1729 459 1785 quia
472 1729 698 1787 agitucdetempore,

46 1815 157 1863 antequam
176 1805 291 1862 quidquam
309 1812 402 1848 creatum
418 1812 471 1847 erat:
487 1804 535 1848 vide
547 1805 630 1861 insuper
646 1820 700 1864 quae

46 1864 73 1925 ed
88 1884 146 1928 Veis.
164 1880 224 1924 Aeth.
245 1881 394 1923 annotavimus.
426 1880 478 1924 Cum
489 1881 551 1925 Voss.
569 1888 637 1923 tamen
653 1882 698 1923 Lat.

47 1959 162 2001 consentire
175 1956 256 1998 videtur
268 1956 362 1999 Arabica.

76 2036 113 2079 Vs.
129 2036 163 2077 10.
183 2032 285 2075 Hominis
304 2048 388 2074 munus.
421 2032 571 2077 Verosimiliter
587 2031 701 2090 legendum

47 2106 127 2153 iidetur
148 2107 220 2151 Homo
236 2113 268 2149 est
281 2107 377 2159 memus,
394 2122 457 2164 quani
472 2108 638 2151 emendationem
652 2124 701 2152 con-

48 2187 116 2229 firmat
125 2184 183 2229 Veis.
198 2183 262 2225 Anah.
278 2189 340 2240 utque
352 2182 412 2225 neth.
428 2183 484 2226 Haec
496 2191 566 2226 tamen
579 2183 601 2225 h.
613 2185 627 2228 l.
639 2186 702 2227 etiam

51 2268 146 2317 corrupto
166 2267 205 2311 est,
229 2274 292 2317 quern
312 2259 366 2302 infre
385 2260 496 2302 emendare
515 2261 608 2303 conaturi
625 2276 701 2304 sumus.

50 2340 125 2381 Sensus
141 2336 204 2393 igitur
215 2344 255 2379 est:
273 2335 351 2388 Heme,
364 2336 378 2378 i.
394 2352 412 2379 c.
425 2351 504 2396 comeus
517 2337 645 2391 humanum,
661 2353 703 2380 me·
735 2349 738 2354 ⁴

51 2415 101 2457 ciues
122 2419 155 2457 cst
168 2416 228 2462 iuter
246 2415 371 2456 calcaneum
389 2420 410 2455 et
422 2428 519 2463 muuum,
535 2413 550 2454 i.
568 2429 586 2456 e,
601 2420 715 2457 extremae

52 2491 192 2532 membrorum
205 2487 293 2531 hominis
309 2497 377 2545 partes
391 2497 439 2531 sunt
454 2489 573 2532 caicaneum
590 2495 609 2530 et
623 2504 704 2533 manus.
731 2538 733 2540 ,

81 2566 117 2609 Vs.
140 2569 175 2609 14.
197 2566 230 2608 Et
245 2567 329 2608 erit-
349 2567 415 2609 locus.
446 2565 509 2608 Hicce
524 2565 581 2607 locus
596 2573 704 2622 corruptus

52 2642 112 2684 facilc
131 2639 251 2687 emendatur
265 2658 276 2685 e
291 2642 350 2688 Veis.
365 2642 424 2685 Aetli.
447 2643 471 2684 ln
480 2641 519 2684 hec
530 2641 611 2699 iegitur
624 2648 645 2684 e't
658 2647 706 2684 eum
755 2685 757 2688 ,

54 2718 216 2761 commovebitur
234 2721 372 2762 commotione
383 2719 455 2763 locus:
469 2717 565 2762 Latinum
578 2718 642 2775 igitur
655 2726 705 2761 tex-
