1758 3351
358 244 398 288 l83

54 371 150 428 nequivit
161 371 209 411 'aute
225 370 287 412 linem
302 369 365 412 seculi
382 370 401 411 2i
414 384 435 425 p.
448 369 469 412 G.
484 384 517 420 n,
533 375 594 425 atquc
615 372 702 408 statuere

53 449 157 497 debemus,
165 453 270 489 auctorem
284 453 376 502 putasse,
386 444 435 487 inde
443 461 454 487 a
462 446 534 488 creatis
541 441 702 500 imperatoribus

52 538 128 566 norum
144 529 213 564 ortum
229 537 272 564 esso
285 536 373 579 reguum
388 522 517 564 Romanum:
532 506 585 576 quae
601 517 702 561 sententia

53 600 101 641 oriri
115 598 195 656 potuit,
204 599 237 640 rel
252 612 276 639 cx
287 597 408 654 antiquioris
421 596 516 640 historiae
522 597 627 651 Romanae
641 593 703 650 igno*

51 674 127 729 rantib,
136 675 209 731 inqua
219 680 289 716 auctor
304 679 418 715 versaretur
425 705 431 724 ,
438 673 471 715 rcl
484 686 508 714 er
521 670 565 713 aliis
574 670 646 712 causis.
662 668 702 710 Sed

51 751 162 808 quominus
183 749 233 807 huic
257 751 369 792 sententiae
387 749 531 802 assentiamus,
552 745 642 804 plurima
665 745 703 786 ob-

51 834 119 883 stant„
141 825 234 868 Primum
248 840 259 866 c
272 825 317 867 loco
330 824 439 868 Clementis
451 822 584 876 Alexandrini
598 820 703 880 (Stroroat.

12 906 14 909 ’
51 901 98 944 libr.
116 905 136 945 3.
155 902 202 945 coll.
212 916 240 944 c.
256 901 283 946 V.
296 904 323 944 35
339 902 365 946 V.
379 898 431 958 Lat.)
443 907 509 957 patet,
529 899 620 950 librum,
639 898 702 939 Ezrae

50 979 130 1028 auctori
143 976 276 1033 adscriptum,
296 976 331 1019 diu
345 984 393 1038 ante
405 976 489 1028 initium
505 976 570 1027 seculi
584 978 602 1017 3i
614 990 635 1030 p.
647 973 701 1031 (1.11.

50 1054 149 1110 scriptum
169 1053 241 1106 fuisse,
260 1068 308 1096 nam
327 1052 362 1096 lrio
380 1067 428 1114 cum
447 1037 498 1109 citat
511 1059 610 1108 tanquam
626 1063 703 1091 avaro

50 1131 101 1172 Ezra
116 1128 217 1187 prophetia
229 1129 375 1185 compositum:
390 1129 477 1185 longum
491 1142 541 1184 ergo
551 1134 632 1181 tempus
643 1139 703 1180 prae·

50 1205 123 1259 terlabi
148 1205 220 1260 debuit
243 1220 256 1248 a
275 1204 329 1247 libro
347 1205 459 1260 composito
477 1218 543 1260 usquc
563 1203 589 1246 ad
605 1202 703 1258 Clemen-

50 1288 105 1332 tem,
124 1281 154 1329 ita
176 1287 200 1322 ut
226 1280 261 1322 liic
280 1280 359 1336 opinari
378 1279 480 1335 potuerit,
501 1279 578 1320 librum
600 1292 643 1320 non
663 1292 705 1335 essc

50 1357 192 1412 suppositum,
211 1356 245 1397 sed
265 1357 387 1412 genuinum.
417 1354 496 1396 Deinde
512 1356 528 1396 si
543 1355 597 1397 liber
614 1367 638 1396 co
652 1361 704 1395 tem-

50 1445 101 1485 pore
125 1436 177 1471 esset
199 1430 335 1485 compositus,
360 1429 386 1472 ad
408 1429 518 1485 Aethiopes
542 1430 616 1484 procul
642 1428 706 1470 dubio

50 1493 106 1548 haud
120 1504 256 1562 pervenisset,
272 1520 341 1562 neque
356 1504 465 1548 Christiani
480 1505 521 1547 tale
534 1519 585 1562 opus
599 1503 705 1561 propheti-

51 1596 112 1632 cum,
128 1582 144 1631 si
159 1582 192 1623 rel
208 1582 359 1639 cognovissent,
373 1582 399 1630 ad
414 1580 452 1622 hos
468 1595 571 1632 unacum
585 1580 633 1623 God.
648 1581 705 1624 Sacr.

51 1642 187 1709 adduxissent.
214 1657 280 1699 ,Porro
299 1657 343 1699 reri
359 1672 402 1700 non
419 1665 449 1698 est
461 1656 629 1708 simile‚librum
642 1657 706 1701 Ezrae
751 1710 754 1713 Δ

51 1740 130 1776 tantam
149 1732 299 1789 acquisiturum
316 1733 379 1775 luisse
399 1732 554 1787 auctoritatem,
567 1732 644 1790 quanti
657 1749 706 1776 eum

52 1808 141 1866 gaudere
160 1808 341 1851 animadvertimus
361 1809 384 1849 in
402 1808 511 1852 Clementis
530 1809 664 1862 Aloxandrini
686 1817 706 1852 et
764 1835 766 1838 .

51 1884 153 1935 Ambrosii
168 1884 254 1944 scriptis.
285 1886 339 1926 Tum
346 1884 415 1926 seculo
422 1886 445 1926 2⁰
454 1884 507 1926 nulli
515 1885 600 1926 fuerunt
610 1886 705 1941 Impera-

51 1968 112 2011 tores,
119 1961 156 2017 qui
170 1974 208 2016 per
215 1962 228 2001 3
236 1947 273 2001 illa
285 1959 351 2015 capita
359 1959 504 2016 repraesentati
514 1959 575 2002 fuisse
585 1968 714 2016 potuerunt

50 2037 125 2078 Mirum
133 2038 217 2092 insuper
226 2035 319 2088 videtur,
328 2050 393 2093 quare
405 2043 476 2077 auctor
487 2036 567 2084 nullam
577 2036 704 2091 mentionem

52 2113 123 2155 fecerit
137 2111 257 2168 multiplicis
277 2111 412 2162 crudelitatis,
430 2127 442 2165 a
460 2111 555 2168 plurimis
572 2112 703 2168 Imperatori-

51 2188 100 2240 hus,
128 2187 222 2240 Tiberio,
243 2187 345 2245 Caligula,
368 2188 449 2229 Nerone
468 2187 555 2244 aliisque
577 2188 703 2232 commissae.

46 2251 145 2321 Deniipre
160 2271 231 2306 auctor
242 2263 330 2306 Iudaeus
345 2264 394 2306 atro
404 2264 493 2307 carbone
505 2264 616 2322 depingere
623 2265 704 2308 debuis-

51 2348 82 2384 set
95 2341 254 2397 Vespasianum,
270 2341 342 2397 templi
355 2341 533 2400 Hiorosolymitani
546 2342 702 2396 destructorem.

51 2417 92 2459 Sed
109 2417 179 2459 ultimi
193 2416 278 2459 demum
292 2416 409 2475 principes,
425 2418 462 2474 qui
479 2419 568 2460 auctoris
581 2419 642 2461 aetati
655 2433 703 2475 pro-

51 2493 118 2548 piores
132 2493 227 2547 fuerunt,
247 2494 363 2537 accuratius
380 2494 523 2537 describuntur
540 2501 640 2552 tanquam
656 2511 703 2539 om-

51 2570 111 2612 nium
121 2570 211 2626 pessimi:
220 2570 297 2626 priores
306 2570 349 2613 fere
355 2570 483 2614 solummodo
494 2571 574 2614 affuisse
582 2586 701 2615 memorau—

52 2653 95 2698 tur3
109 2661 148 2689 nec
163 2648 231 2690 ullum
245 2646 299 2689 libro
309 2647 362 2691 inest
371 2648 483 2706 vestigium
495 2649 625 2705 Imperatoris
635 2648 702 2691 cuius·

53 2721 110 2774 dam,
127 2724 163 2781 qui
178 2724 236 2768 aedes
252 2725 322 2768 Sacros
344 2724 468 2769 ludaeorum
484 2724 615 2779 destruxerit,
632 2739 701 2782 neque
