1758 3351
499 243 539 282 158

194 364 370 409 condemnationis
384 364 422 407 erit
435 380 446 406 e
461 365 544 421 regione
560 364 600 406 loci
616 364 758 407 consolationis
773 362 846 421 (felici-

193 440 247 499 tatis)
261 449 282 483 ct
293 441 365 484 foruar
375 440 454 501 Inferni
466 454 535 482 coram
545 438 651 492 Pa1=adis0;
664 441 719 483 Deus
730 440 845 496 alloquetur

193 533 203 559 c
220 525 287 560 morte
303 518 437 568 resuscitatos,
453 516 508 559 terral
522 517 544 558 in
560 514 624 560 Chaos
634 515 719 568 mutatal,
728 517 791 559 unice
802 516 846 557 ful-

192 602 254 651 gente
266 595 373 651 splendore
385 593 493 650 Majestatis
503 594 551 647 llei3
567 592 609 636 dies
622 601 691 637 autem
700 593 847 650 judieiidura-

191 671 223 713 hit
237 674 280 715 700
295 686 358 714 annos
372 670 408 730 (1).
427 671 494 713 Hisce
506 670 578 722 dictis,
593 671 644 712 Ezra
659 671 686 713 ait
701 686 722 713 se
736 670 809 721 vereri,
819 684 846 712 ne

191 747 309 803 paucissimi
323 754 404 790 tantum
422 747 462 789 sint
473 747 554 790 futurae
571 746 672 790 felicitatis
685 744 794 803 participes
810 746 846 787 fu-

191 822 244 877 turi,
259 824 308 879 quia
323 837 392 865 omnes
406 823 496 880 peccatis
510 831 557 866 sunt
571 822 645 865 obruti.
670 824 714 866 Hoc
727 837 771 865 non
784 829 846 878 negat

191 898 295 955 Angelus,
310 898 397 949 addens,
417 897 463 940 ideo
479 913 491 940 a
505 898 549 940 Deo
564 898 670 954 duplicem
685 899 789 942 mundum
805 913 846 941 esse
856 890 863 911 '³

191 982 297 1026 creatum,
313 982 337 1016 ut
352 973 381 1030 pii
400 974 426 1016 ab
443 973 510 1030 impiis
527 981 657 1031 separentur;
673 990 712 1017 uec
727 974 846 1017 mirandum

191 1066 247 1103 esse,
265 1049 398 1107 paucissimos
416 1056 497 1091 tautum
516 1050 598 1093 salvari:
619 1064 693 1092 aurum
709 1042 765 1092 enim
780 1049 846 1091 multo

190 1128 256 1171 rarius
271 1141 313 1168 esse
323 1126 380 1179 luto,
394 1140 463 1183 neque
475 1125 553 1179 dehis,
569 1126 605 1184 qui
616 1126 704 1183 perituri
715 1126 762 1179 sint,
774 1140 845 1169 euram

190 1219 233 1247 esse
251 1203 379 1255 habendam,
392 1219 433 1246 eos
453 1203 508 1246 enim
527 1204 563 1247 sual
582 1204 673 1261 ipsorum
692 1203 754 1261 culpfl
769 1203 844 1261 perire.

189 1281 242 1323 Ezra
256 1287 326 1322 tamen
339 1279 435 1322 animalia
448 1279 526 1322 ratione
539 1280 629 1323 carentia
639 1280 731 1324 feliciora
741 1280 847 1337 praedicat

189 1355 320 1407 hominibus3
336 1354 373 1397 hos
389 1355 455 1406 enim,
467 1355 552 1398 simulac
564 1340 795 1412 nascuntur,aeciperc
810 1369 845 1397 eor

189 1433 318 1489 malignum,
334 1430 390 1488 quod
405 1444 475 1472 omues
488 1431 561 1473 incitet
573 1430 599 1473 ad
612 1432 755 1488 peccandum,
768 1431 845 1474 idcirco

187 1523 264 1565 poenas
271 1508 329 1549 luere
339 1521 372 1549 eos
380 1506 462 1558 debere,
476 1505 651 1550 illeverouullam
657 1515 704 1565 post
711 1514 798 1550 mortem
809 1522 844 1550 re-

187 1598 272 1627 manere
286 1583 356 1636 vitam,
368 1583 457 1640 ideoque
471 1581 551 1626 nullam
564 1582 625 1625 etiam
636 1597 732 1639 poenam.
751 1583 844 1640 Angelus

187 1668 257 1703 autem
271 1660 358 1716 reponit,
370 1658 464 1701 homines
474 1659 568 1715 accipere
580 1657 665 1715 quidem
676 1674 711 1702 cor
720 1659 842 1716 malignum,

188 1736 223 1779 sed
236 1736 305 1777 Deum
315 1742 424 1791 praecepta
435 1734 513 1777 dedisse
522 1734 555 1792 (ut
565 1749 637 1777 eorum
647 1734 784 1778 imbecillitati
794 1750 844 1777 suc-

188 1809 296 1869 curreret),
311 1826 364 1868 quae
378 1812 395 1853 si
409 1811 523 1863 observent,
533 1811 652 1854 felicitatem
661 1826 694 1854 eos
703 1811 742 1871 silai
756 1811 844 1868 conqui-

187 1904 232 1931 rere
244 1903 310 1944 posse.
325 1887 384 1931 nisse
399 1887 463 1930 haece
479 1888 598 1944 quaestione
613 1886 638 1929 de
650 1887 709 1942 jure,
719 1878 761 1944 quo
776 1886 842 1930 homi-

187 1965 247 2007 nibus
267 1980 304 2007 sua
324 1966 417 2021 ipsorum
437 1972 522 2021 peccata
540 1965 680 2021 imputentur,
701 1964 753 2005 Ezra
771 1971 840 2021 rogat,

186 2057 238 2084 num
256 2040 349 2084 homines
370 2041 469 2084 continuo
487 2048 533 2097 post
552 2048 640 2083 mortem
655 2039 842 2082 remunerationem

186 2117 293 2174 accepturi
308 2117 348 2160 sint
363 2118 396 2160 vel
410 2132 493 2174 poenas.
512 2118 604 2176 Angelus
614 2117 643 2159 ita
653 2115 769 2173 respondet.
785 2116 842 2158 Post-

186 2209 250 2252 quam
264 2193 319 2236 Deus
334 2195 426 2252 aliquem
441 2194 494 2236 mori
505 2195 576 2251 jussit,
591 2194 634 2236 eius
649 2194 716 2236 anima
731 2209 742 2235 e
756 2207 841 2249 corpore

187 2272 230 2313 exit
244 2278 264 2313 et
277 2270 330 2313 redit
343 2271 370 2314 ad
382 2271 455 2315 Deum.
480 2272 574 2313 Primum
588 2283 656 2313 coram
666 2270 709 2312 Deo
719 2285 740 2312 se
749 2276 841 2326 proster-

186 2347 227 2400 nit;
248 2347 264 2389 si
283 2354 352 2390 autem
371 2347 476 2391 animuin
492 2362 578 2403 corpore
592 2345 681 2388 hominis
696 2346 756 2403 impii
768 2345 840 2397 fuerit,

186 2423 238 2467 haee
253 2438 294 2466 non
309 2424 374 2467 intrat
389 2424 441 2467 lueis
457 2423 599 2466 habitaculum
615 2420 660 2480 (2),
680 2422 716 2465 sed
731 2421 809 2465 circum
817 2420 839 2463 id

186 2509 281 2559 vagatur,
296 2501 429 2563 plurimaque
444 2500 521 2557 petitur
536 2508 556 2542 et
573 2502 585 2541 7
602 2500 620 2542 ei
636 2499 771 2542 ostenduntur
781 2497 841 2539 dolo-

194 2701 198 2706 -
209 2680 234 2727 (1)
248 2682 281 2714 See.
292 2682 335 2714 Veis,
347 2680 395 2714 derb.
409 2680 522 2712 heddomadam
534 2690 618 2712 urinarum.

208 2743 232 2789 (2)
245 2744 270 2776 Sic
282 2755 312 2776 sec.
325 2744 370 2777 Veis.
383 2743 439 2788 drab„
453 2744 469 2774 1'n
482 2743 526 2776 Vers.
538 2742 585 2775 Aetli.
598 2741 640 2773 deest
651 2752 680 2773 vor
693 2742 741 2773 lucis.
