1758 3351
354 260 394 303 181

53 398 160 447 »quaeque
171 383 270 443 vigilabit,
283 391 303 427 et
317 384 383 441 capita
395 378 650 442 innovissimo(tempore)
658 396 700 425 ma-

51 477 107 521 »gna
124 460 195 505 fient.”
225 457 302 512 Auctor
315 460 414 504 nimirum
427 473 514 523 reguum
529 460 647 510 Romanurn
663 455 701 499 sibi

50 537 156 596 proposuit
166 535 205 580 sub
217 537 309 598 imagine
318 535 417 594 Aquilae,
433 549 496 593 quae,
510 541 621 591 antequam
631 530 701 590 aliquo
762 592 764 594 q

50 616 96 658 loco
116 628 159 656 sese
176 613 261 669 reponat
281 611 304 671 (i.
325 628 342 655 e.
359 618 471 668 antequam
485 624 573 668 regnum
584 609 700 651 Romanum

52 687 170 746 condatur),
184 703 245 745 super
257 694 321 730 totam
332 695 408 730 terram
419 685 549 745 volat3’quorl
558 683 701 742 proculdubio
750 682 752 684 ’

51 764 160 824 significat,
168 763 255 820 Aquilae
263 769 327 805 totam
337 769 412 805 terram
419 763 533 819 subjectam
544 762 594 805 fore.
617 761 702 805 Visione

50 842 114 899 igitur
119 838 239 897 prophetici
246 854 284 895 per
294 838 462 896 anticipationem
469 853 533 897 regno
546 839 640 881 Romano
650 852 702 880 non-

51 917 101 967 tum
119 915 201 958 condito
215 915 358 958 auctoritatem
372 914 477 967 attribuit,
492 910 703 972 qualrecentioribris
748 958 756 969 e

51 992 135 1035 demum
145 989 270 1048 temporibus
282 989 437 1049 insigniendum·
447 998 496 1033 erat,
510 990 564 1032 Dein
573 989 649 1046 Aquila
661 1004 703 1031 un-

51 1068 126 1126 guibus
138 1066 273 1110 suis-surrexit
287 1066 308 1126 (i.
323 1082 340 1110 e.
355 1077 444 1124 regnum
457 1068 582 1120 Romanum
592 1063 702 1123 conditur),

51 1151 71 1186 et
85 1144 131 1187 alae
145 1142 167 1202 (i.
183 1158 201 1187 e.
217 1140 283 1201 reges)
296 1148 383 1199 regnare
395 1142 505 1199 incipiunt.
705 1198 708 1205 ι

78 1221 104 1262 In
123 1218 243 1276 explicandi
261 1219 346 1263 Visione
363 1217 428 1260 lraooe
444 1218 529 1260 maximi
548 1210 648 1258 momenti
673 1223 703 1258 est

50 1296 155 1353 indagare,
172 1309 262 1345 causam,
278 1295 304 1336 ob
319 1307 383 1351 quarn
395 1298 467 1335 auctor
483 1306 542 1349 reges
557 1291 704 1348 principesque
735 1324 736 1327 η

49 1373 152 1413 Romanos
171 1370 209 1412 sub
220 1370 321 1427 ¹imagine
341 1372 367 1411 12
388 1370 468 1411 alarum
487 1371 500 1411 8
516 1367 642 1410 subalarium
657 1375 677 1410 et
691 1370 704 1410 3

51 1446 141 1502 capitum
160 1444 293 1502 proposuerit.
324 1443 420 1489 Vidimus
439 1458 512 1500 supra,
532 1450 637 1485 auctorem
650 1444 705 1485 imi·
724 1430 726 1432 Ι

51 1524 116 1563 tatum
132 1534 175 1562 esse
189 1519 296 1571 visionem,
311 1518 417 1564 DanVIl.
433 1521 444 1560 7
458 1533 503 1576 sqq.
513 1527 702 1562 commemoratam

51 1598 152 1639 Numerus
164 1595 228 1653 igitur
237 1596 270 1647 11,
280 1594 310 1636 ibi
324 1600 441 1646 occurrens,
449 1610 491 1638 non
499 1602 580 1652 poterat
586 1610 629 1639 non
637 1597 690 1638 veris

51 1671 114 1714 simus
128 1686 183 1722 esse,
198 1671 294 1727 quippea
305 1670 394 1714 Danielev
402 1669 505 1728 prophetia·
512 1670 605 1715 traditus.
621 1672 702 1732 Quam-

51 1748 81 1789 ris
95 1754 165 1790 autem
177 1739 249 1789 auctor
259 1754 352 1802 putaret,
364 1747 404 1789 sibi
414 1761 536 1790 concessum
547 1762 601 1799 esse,
614 1762 702 1805 reguum

51 1823 115 1866 bocco
134 1824 252 1866 Romanum
271 1818 385 1865 accuratius
404 1823 520 1880 significare
538 1830 558 1864 et
574 1822 703 1874 describere,
744 1839 748 1843 ⁴

52 1898 141 1941 eundem
154 1906 223 1940 tamen
238 1912 349 1941 numerum
362 1898 385 1940 in
394 1899 470 1942 visione
482 1915 520 1942 sua
528 1913 609 1941 servare
622 1898 693 1942 debuit
697 1917 702 1953 3

51 1976 87 2018 set
101 1989 143 2032 quo
158 1974 231 2016 melius
241 1981 281 2017 tres
296 1974 378 2017 ultimos
392 1990 450 2033 reges
465 1991 477 2019 a
489 1974 660 2032 praecedentibus
673 1969 703 2018 dl-

52 2051 164 2108 stingueret
180 2049 210 2109 (hi
226 2053 239 2093 3
253 2050 308 2092 enim
323 2065 394 2108 reges,
409 2051 440 2093 uti
453 2050 702 2096 babeturinVersAetb

51 2127 97 2168 XII.
118 2128 146 2170 29
167 2140 212 2183 sqq.
232 2125 373 2168 »innovabunt
391 2126 457 2169 multa
475 2134 494 2169 et
510 2127 702 2170 vexabuntterram

53 2216 152 2258 reosque,
173 2202 209 2259 qui
229 2201 251 2243 in
271 2201 295 2245 ei
315 2201 419 2255 habitant,
436 2203 503 2245 multo
520 2204 594 2246 timore
609 2210 629 2245 et
643 2200 704 2261 suPra

53 2292 146 2329 uomnes,
169 2278 308 2335 quiluertmt
324 2280 371 2321 ante
385 2277 434 2332 hos-3
451 2287 471 2322 ct
485 2286 569 2336 propter
582 2277 622 2323 hoc
638 2281 703 2324 vocati

3 2409 5 2412 y
52 2362 113 2397 »sunt
127 2354 194 2412 capita
209 2353 332 2412 Aquilae'),
352 2370 468 2408 numerum
482 2357 507 2397 11
523 2355 653 2398 Danielicum
667 2356 703 2399 ‹ti-

51 2429 96 2471 ‘risit
111 2429 133 2471 in
146 2433 159 2473 8
177 2436 196 2471 et
212 2433 237 2481 3,
252 2429 304 2473 haec
320 2431 396 2488 capita,
407 2431 452 2473 illas
469 2429 571 2473 subal-ares
582 2430 659 2475 dicens.
678 2432 703 2474 In

54 2505 109 2548 Veis.
128 2505 189 2548 Aetli.
211 2505 284 2548 clarius
301 2496 438 2564 significatur,
457 2521 495 2564 per
514 2510 638 2550 numerosS
656 2515 676 2550 et
691 2512 703 2550 3

51 2580 208 2637 intelligendum
232 2597 274 2624 esse
296 2597 406 2626 numerum
427 2585 452 2625 11
471 2582 614 2626 Danielicum:
632 2598 669 2639 pro
689 2587 702 2626 8

52 2656 107 2698 enirn
122 2659 250 2702 subalaribus
264 2659 294 2702 ibi
311 2668 422 2703 occurrunt
435 2663 447 2704 8
462 2660 542 2716 capita,
554 2660 582 2702 ita
591 2667 615 2701 nt
623 2661 648 2702 11
657 2674 702 2702 cor-

54 2747 104 2785 nua,
122 2734 172 2779 llan.
185 2736 198 2779 l.
213 2738 227 2779 l.
242 2744 363 2790 irremorata,
377 2736 423 2793 J'om
437 2743 614 2794 repraesententur
629 2750 666 2793 per
678 2739 702 2779 11
