1758 3351
381 228 422 278 157

79 367 150 408 Eurum
165 361 240 403 iterum
253 360 315 417 jubet
329 374 367 416 per
384 363 395 401 7
414 358 456 400 dies
468 374 538 411 orare,
551 360 633 415 plorare
647 366 667 401 ct
676 359 733 414 jeju-
780 359 782 362 ’

78 454 140 490 nare,
152 445 176 480 ut
185 445 231 496 post
242 452 275 480 eos
286 438 346 494 plura
357 444 473 494 cognoscat.

110 498 188 558 Terin
200 517 256 556 vrso
271 513 299 573 (e.
312 514 348 558 lv.
358 513 452 578 sv-rn.
461 513 487 553 27
496 509 619 556 unone.
629 513 665 558 Vl.
675 514 736 555 35-

78 593 114 635 IX.
130 593 157 635 25
171 592 197 637 V.
210 588 263 647 Lat.)
691 639 693 641 ι

107 669 219 726 Postquam
239 668 291 709 Ena
305 679 343 721 per
356 667 368 706 7
381 663 423 706 dies
436 671 537 726 oraverat,
549 664 635 706 fleverat
647 673 667 707 et
675 666 735 722 jeju-

77 753 161 788 naverat
177 751 239 786 nocte
256 741 327 784 octava
343 740 411 782 denuo
430 740 556 782 convertitur
573 739 599 782 ad
615 740 735 793 Deum,ro-

78 836 138 879 gam,
151 834 216 877 quare
227 817 331 860 israelitae
342 803 455 872 mundum,
468 831 532 874 quem
543 817 597 858 Deus
607 825 692 874 propter
702 833 735 861 eos

78 897 185 940 conditum
195 896 257 938 fuisse
269 895 352 947 dixerit,
364 909 407 936 non
416 894 539 951 possideant,
549 894 585 936 sed
594 893 686 937 hostibus
695 896 735 937 sint

78 973 174 1028 subjecti.
200 960 318 1029 Respondet
328 970 431 1028 Angelus,
445 969 519 1012 Adami
530 978 641 1027 peceatum
653 986 736 1014 causam
792 994 794 996 ·

78 1065 131 1101 esse,
149 1050 175 1092 ob
186 1064 250 1106 quam
261 1039 305 1090 viae
317 1047 378 1090 huius
389 1046 463 1088 mundi
474 1047 540 1089 factae
552 1046 593 1088 sint
604 1054 704 1105 angustae
716 1056 737 1089 et
748 1047 751 1055 ’

76 1127 183 1178 molestae,
201 1125 245 1182 pios
256 1131 325 1167 autem
336 1122 440 1166 mundum
451 1123 547 1164 futurum
555 1122 641 1164 beatum
653 1138 736 1180 exspec-

76 1202 163 1245 tandum
173 1201 256 1253 habere,
268 1201 343 1257 impios
351 1208 399 1242 vero
407 1199 511 1241 mundum
518 1198 576 1240 hune
584 1199 670 1256 beatum
678 1199 735 1243 haud

75 1277 213 1333 ingressuros,
228 1277 305 1334 quippe
317 1276 355 1332 qui
367 1280 479 1331 praecepta
489 1273 528 1315 Dei
540 1273 658 1331 negligant,
670 1275 734 1332 quin,

76 1353 144 1395 Deum
154 1368 198 1395 nou
210 1367 260 1403 esse,
271 1351 347 1393 dicant.
368 1351 414 1392 Jam
424 1349 513 1391 mittitur
523 1349 615 1406 quaestio
625 1350 651 1392 de
661 1350 736 1408 agendi

76 1428 156 1470 ratione
173 1427 211 1469 Dei
228 1441 277 1469 cunr
293 1425 372 1482 populo
389 1439 427 1466 suo
440 1424 516 1475 eleeto,
530 1432 550 1466 et
560 1425 630 1482 pergit
643 1426 737 1484 Angelus

78 1520 102 1546 ea
119 1518 228 1556 enarrare,
246 1517 300 1559 quae
317 1501 342 1544 ad
361 1500 425 1543 finem
439 1500 513 1542 mundi
534 1501 605 1542 locum
621 1499 736 1560 habebunt.

76 1579 141 1634 Urbs,
157 1580 195 1630 ait,
209 1593 263 1635 quae
274 1577 400 1633 conspicitur
408 1574 499 1634 (hodie),
510 1576 653 1629 abscondetur,
661 1585 681 1620 et
687 1592 737 1620 eon-

77 1655 175 1712 spicietur
187 1662 241 1696 terra
248 1651 324 1711 (hodie)
331 1651 460 1704 abscondita,
469 1652 590 1708 quicunque
596 1652 623 1695 ab
628 1653 744 1710 impietate.

77 1730 130 1772 liber
146 1730 191 1782 erit,
209 1730 296 1787 gloriam
306 1728 401 1771 Divinam
413 1727 536 1784 conspiciet,
553 1728 643 1784 prodibit
658 1731 737 1773 Messias

78 1820 128 1847 eum
138 1805 175 1857 iis,
189 1805 226 1863 qui
240 1796 291 1848 eum
301 1819 325 1847 eo
337 1812 395 1856 sunt,
413 1818 489 1861 eosque
500 1805 537 1861 qui
548 1805 738 1857 resuscitabuntur,

77 1881 196 1924 laetificabit
206 1897 245 1938 per
258 1884 301 1925 400
315 1896 378 1924 annos
391 1879 421 1939 (1)
428 1898 434 1934 3
451 1880 526 1923 deinde
538 1876 638 1923 morietur
648 1884 736 1934 Messias,

79 1958 186 2015 omnisque
198 1958 266 2000 anima
279 1957 361 2009 vivens,
375 1964 395 1998 et
405 1956 495 2014 muudus
505 1970 543 2011 per
557 1959 569 1998 7
580 1956 623 1998 dies
633 1958 737 2015 quiescet,

78 2041 187 2090 postquam
198 2034 220 2076 iu
232 2034 340 2091 antiquum
352 2040 438 2085 statum,
448 2033 470 2074 in
486 2047 528 2090 quo
543 2033 592 2074 olim
606 2033 659 2085 fuit,
674 2034 737 2076 fuerit

79 2118 192 2154 conversus.
215 2112 262 2152 Post
275 2113 287 2152 7
303 2117 372 2152 autem
386 2110 431 2152 illos
448 2109 490 2152 dies
503 2109 657 2153 resuscitabitur
671 2126 737 2153 mun-

0 2240 5 2246 ,
78 2186 115 2228 dus
127 2187 162 2229 sed
175 2187 348 2243 incorruptibilis,
364 2194 429 2249 atque.
440 2186 517 2228 mortui
529 2194 549 2228 et
560 2186 635 2243 sepulti
648 2188 736 2230 resusci-

70 2261 185 2313 tabuntur.
211 2265 265 2306 Tum
278 2263 415 2321 conspicietur
427 2263 481 2305 Deus
497 2264 519 2305 in
531 2263 581 2305 solio
589 2262 695 2319 judiciali,
712 2279 735 2306 ex

0 2323 5 2331 „
79 2337 121 2380 unt
131 2337 197 2396 estque
209 2340 278 2383 severs
280 2340 359 2397 justitid
366 2339 488 2382 sententiam
493 2340 572 2382 laturus
576 2339 649 2394 ,firmo
655 2349 735 2384 consta-

78 2413 109 2455 bit
114 2415 201 2470 justitia,
209 2424 229 2458 et
236 2419 328 2460 orientur
334 2418 383 2461 inde
389 2432 450 2475 opera
456 2417 499 2460 Deo
505 2425 562 2475 grata
568 2451 573 2470 ,
580 2432 633 2475 quae
639 2418 736 2462 mercede

79 2504 122 2531 non
139 2494 250 2546 carebunt,
271 2495 361 2551 probitas
378 2494 492 2553 evigilabit,
511 2508 581 2551 neque
596 2494 735 2542 dominabitur

79 2579 141 2622 porro
149 2577 265 2624 peecatum.
273 2570 375 2613 Ultimum
381 2578 451 2615 autem
453 2570 558 2627 judicium
563 2571 593 2615 sie
600 2570 647 2615 erit:
658 2574 734 2615 Puteus

102 2733 127 2780 (1)
139 2735 163 2768 Sie
174 2748 204 2770 see.
216 2741 260 2772 Vers.
273 2741 313 2783 bat„
326 2741 343 2773 in
354 2740 398 2773 vers.
411 2753 448 2775 vero
458 2740 505 2773 Λεὼ.
518 2752 595 2775 antrorum
603 2752 677 2774 numerus
685 2740 734 2776 deest.
