1758 3351
317 240 318 244 ’
391 257 431 307 ros

92 391 121 433 sic
128 387 195 445 pergit
202 387 303 446 Angelus,
312 386 378 429 scribe
391 386 413 427 in
427 378 490 436 libro,
498 399 509 426 o
518 370 580 427 llzral
590 377 682 441 eumque
693 384 740 425 abs-

92 463 157 506 conde
170 471 190 506 et
202 462 330 506 solummodo
343 462 444 519 sapientes
454 460 526 517 populi
536 459 595 513 dooe;
608 474 659 516 quos
670 458 710 501 scis
719 459 741 499 irr

91 539 153 583 corde
167 542 204 582 suo
215 538 309 596 mysteria
323 552 402 580 serrare
416 551 480 594 posse.
511 536 586 596 Denuo·
596 543 665 578 autem
677 549 714 591 per
728 536 740 576 7

91 614 133 657 dies
146 614 181 658 bic
193 629 254 673 mane
267 621 291 655 ut
305 613 365 669 plura
378 627 494 670 cognoscas.
526 611 561 652 His
577 611 635 653 dictis
648 612 741 668 Angelus

91 690 147 733 abiit.

120 758 191 809 seara
207 763 273 809 Vsa
289 762 319 821 (c.
332 763 378 805 ru.
387 765 414 806 45
424 763 516 805 -rrn
525 751 585 807 aar.
596 762 655 804 aaa
663 762 684 805 c.
692 763 739 804 nn.

92 840 220 884 tro-XIII.
237 842 264 883 58
280 839 306 883 V.
323 837 375 894 Lat.)
450 849 451 852 ’

119 915 164 957 Mox
173 914 200 957 ad
206 915 279 957 Ezram
292 913 402 956 adveniunt
409 913 470 969 ipsius
480 914 596 971 populares,
606 915 708 972 rogantes,
718 920 742 954 ut

90 990 115 1033 ad
124 991 179 1047 ipsos
189 990 264 1032 rediret
270 1006 275 1042 5
286 988 322 1031 sed
328 989 371 1039 ille,
383 987 414 1029 bis
423 989 479 1030 abire
482 989 554 1044 jussis,
565 990 622 1043 per7
632 987 703 1029 diesin
710 1001 741 1036 eo,

90 1067 131 1124 quo
139 1074 191 1118 erat,
200 1066 246 1108 loco
253 1071 329 1107 manet.
345 1063 425 1117 Quibus
432 1062 575 1119 praeterlapsis
582 1062 637 1105 ridet
647 1069 712 1104 noctu
719 1061 742 1102 in

90 1142 171 1184 somniis
183 1141 281 1197 Spiritum
293 1139 366 1181 emari
375 1137 639 1195 prodeuntem,'imaginem
653 1136 742 1179 hominis
754 1126 755 1129 Ἴ

89 1217 200 1267 ferentem,
217 1216 321 1257 volantem
335 1228 383 1255 cum
396 1213 487 1254 nubibus
504 1212 557 1254 coeli
569 1219 632 1268 atque
647 1212 743 1253 omnibus

89 1290 292 1333 hominibusmetum
307 1286 439 1342 injicientem,
459 1285 575 1342 Aquatuor
590 1292 659 1327 autem
670 1285 743 1327 mundi

88 1364 179 1422 partibus
189 1365 290 1406 immensa
304 1361 408 1418 colligitur
420 1360 545 1410 multitudo,
562 1360 588 1402 ad
604 1360 672 1402 virum
683 1360 743 1403 illum

90 1438 241 1483 debellandum,
279 1436 319 1477 Sed
339 1435 373 1477 bic
394 1442 464 1476 monte
488 1428 526 1476 sibi
547 1442 649 1485 exstructo
672 1444 744 1479 contra

90 1513 243 1556 multitudinem
263 1513 323 1553 istam
340 1510 415 1555 fluctus
429 1506 483 1566 ignis
500 1510 636 1567 flammasque
652 1520 672 1553 et
689 1513 742 1569 ignis

89 1605 165 1646 prunas
180 1588 265 1638 emittit,
288 1575 317 1629 ita
330 1594 353 1628 ut
372 1601 396 1627 ex
414 1585 437 1627 eal
458 1586 488 1627 nil
502 1586 541 1627 nisi
554 1587 626 1642 pulvis·
639 1596 659 1629 et
674 1588 742 1631 fumus

90 1672 159 1716 restct3
182 1662 256 1706 deinde
277 1677 288 1703 e
306 1668 376 1703 monte
396 1660 503 1703 descendit
517 1668 537 1703 et
553 1661 660 1717 pacificam
675 1663 743 1706 multi-

89 1740 182 1782 tudinem
198 1738 224 1780 ad
239 1753 260 1779 se
275 1737 359 1795 colligit.
389 1737 441 1778 Ezra
456 1735 515 1779 valde
526 1738 623 1780 attonitus
638 1737 746 1798 asperge--

89 1818 154 1859 factus
167 1822 206 1866 est,
223 1813 326 1870 huiusque
342 1812 416 1855 somnii
431 1812 476 1855 eam
490 1811 556 1855 audiit
574 1814 742 1869 explicationem:

89 1892 126 1936 Vir
137 1891 172 1933 ille
188 1897 217 1932 est
231 1889 270 1931 Dei
284 1888 351 1939 filius,
366 1902 430 1945 quern
447 1884 501 1930 Deus
517 1889 544 1931 ad
559 1889 633 1932 ultima
650 1898 744 1947 tempora

91 1965 210 2016 reservarit,
230 1973 253 2007 ut
272 1963 375 2006 mundum
390 1964 428 2006 sihi
446 1964 532 2007 redimat
546 1972 607 2021 atque
622 1965 648 2007 de
662 1967 686 2008 iis
699 1967 745 2009 dis-
784 1973 785 1976 ’

80 2051 163 2098 ponat,
179 2043 216 2100 qui
229 2040 295 2084 relicti
310 2047 371 2082 erunt
386 2039 462 2082 ultimis
477 2040 555 2084 diebus.
586 2042 616 2083 Eo
630 2057 679 2085 vero
692 2051 743 2085 tem·

90 2133 140 2175 pore
154 2117 247 2161 homines
263 2117 316 2159 inter
330 2131 351 2158 sc
366 2116 421 2158 bella
433 2124 516 2173 gerent,
533 2116 568 2160 sed
579 2120 743 2176 quamprimum

90 2195 189 2253 prodierit
210 2197 245 2239 ille
265 2195 308 2245 vir,
331 2201 403 2236 mutua
426 2194 482 2237 bella
503 2194 632 2251 relinquent,
653 2205 677 2239 ut
692 2195 743 2241 con-

88 2273 165 2329 junctis
178 2272 256 2315 viribus
270 2278 341 2314 contra
358 2269 415 2313 bunc
429 2279 530 2329 pugnent.
562 2271 580 2313 Is
595 2279 655 2324 ve'ro,
672 2289 744 2330 pecca-

92 2358 143 2396 tores
163 2348 373 2406 perditurus,'stabit
393 2363 453 2405 super
471 2363 570 2392 cacumen
587 2352 662 2393 montis
680 2353 741 2403 Sion,

91 2427 127 2482 qui
144 2426 237 2469 omnibus
252 2425 360 2481 apparebit
373 2432 455 2481 paratus
470 2432 490 2466 et
500 2424 542 2467 sine
552 2423 662 2469 hominum
676 2429 744 2471 mani-

90 2500 128 2543 bus
145 2502 271 2546 aedificatus.
302 2501 390 2544 Pacifica
409 2508 479 2545 autem
491 2501 525 2543 illa
540 2501 652 2545 multitudo
666 2512 713 2546 sunt
730 2504 748 2547 θ’

90 2576 166 2628 tribus,
189 2593 242 2636 quae
257 2593 268 2620 a
283 2577 433 2620 Salmanassare
455 2577 477 2619 in
492 2575 629 2634 captivitatem
644 2580 743 2623 abductae

90 2660 147 2703 sunt,
166 2661 227 2711 atque
243 2656 265 2697 in
277 2639 366 2697 dissitam
379 2654 604 2712 regioncmabierunt,
620 2656 642 2697 in
658 2655 699 2712 qut
714 2656 743 2699 le·

91 2743 137 2786 gem
150 2730 187 2772 Dei
202 2731 342 2783 observarent,
358 2745 422 2788 quam
437 2731 458 2774 in
472 2732 536 2789 patria
552 2732 587 2775 sud
604 2733 744 2790 neglexerant3
