1758 3351
451 254 478 293 28

163 375 197 420 Vs,
215 379 235 419 7.
255 389 319 417 oenoe
341 381 393 416 sunt
410 354 476 434 saper
486 374 661 431 firmamentum.
692 356 741 418 Juro
755 375 784 418 cl.

134 461 152 493 a.
172 451 192 492 d.
214 450 272 492 Palm
292 449 393 494 dubitavit
414 451 440 495 de
455 450 571 507 integritate
586 453 641 496 vocis
655 456 734 502 oenoe,
748 464 785 507 pro

134 519 185 584 qna,
196 526 266 581 prouti
279 525 339 569 dooet
347 524 405 572 Versss
415 526 483 578 Aah„
493 525 606 583 legendum
618 535 648 570 est
657 529 712 570 oz'ae.
728 527 785 569 Seri·
860 549 862 553 f

132 602 159 643 ha
179 600 241 644 facile
262 602 285 645 in
306 617 397 646 errorem
411 602 484 649 induci
498 604 566 660 potuit
581 618 619 660 per
637 595 786 648 vocabalorum

132 676 298 731 similitudinem,
320 676 440 737 praesertim
460 679 510 738 quia
524 673 648 724 vocabulum
662 695 728 723 oenoe
740 694 785 722 mo-

133 754 158 797 ao
172 755 325 811 praecessit—
338 757 386 798 Post
400 771 471 800 vocem
476 756 642 814 firmamentum
651 748 785 799 inserendum
800 774 805 778 >
862 805 865 807 ,

132 845 174 873 esse
189 835 229 873 ont
242 846 348 889 quaenam
362 839 396 875 est
409 835 446 875 νία
462 832 565 892 Inferni,
581 848 605 876 ex
622 832 711 891 n.traique
726 832 784 876 Vers.

131 905 209 949 Orient.
228 914 311 962 apparet
332 914 353 949 et
371 908 505 950 confirmatur
524 923 553 952 vs.
575 923 618 965 seq.
634 913 665 952 8⁰.
695 909 786 951 Fortasse

131 990 200 1024 tamen
214 982 237 1024 in
248 982 296 1026 Gor.
312 983 348 1026 Gr.
363 981 415 1026 haee
428 983 491 1027 verba
503 983 548 1039 jam
561 981 651 1026 deerant.

160 1058 196 1102 Vs.
213 1060 234 1101 9.
245 1073 365 1116 perquem
380 1061 492 1102 transisti.
522 1060 547 1101 In
560 1059 618 1103 Vers.
634 1058 695 1103 Aeth.
708 1059 785 1116 legitur

131 1135 283 1191 pertransiit,
300 1147 353 1190 quae
368 1134 430 1177 lectio
445 1140 542 1191 praestat,
558 1126 589 1175 uti
601 1148 650 1177 evs.
666 1138 784 1190 501111111-

131 1210 269 1266 ‹ientepatet
285 1209 375 1252 Fortasse
390 1210 413 1252 in
428 1209 476 1252 Cod.
492 1209 572 1259 Graec„
590 1223 632 1265 quo
646 1193 784 1252 1111111111-

130 1284 196 1335 tinus,
219 1283 327 1340 lectio&³
347 1278 373 1341 ἧς
390 1279 496 1342 διεβήσας,
512 1298 550 1339 pro
571 1280 586 1340 ἢ
603 1280 694 1341 aerarios,
716 1284 785 1340 prouti

130 1352 227 1417 Aethiops
250 1361 314 1418 legit,
338 1367 382 1403 orta
405 1367 435 1402 est
456 1375 468 1402 e
490 1359 611 1416 repetitione
630 1360 783 1417 praepositionis
858 1406 860 1410 ‚

130 1436 168 1480 ὃίι
192 1436 259 1480 scriba
279 1436 335 1479 enim
355 1435 378 1478 in
399 1434 448 1479 cod.
467 1436 504 1479 Gr.
522 1435 628 1479 inveniens
652 1432 667 1494 ἢ
685 1433 784 1495 ὃιὸιεβήσε

129 1513 190 1556 facile
210 1521 284 1570 putare
301 1511 380 1569 potuit,
401 1511 455 1554 hano
470 1512 581 1556 lectionem
596 1513 725 1569 depravatam
741 1527 783 1555 esse

129 1604 167 1647 pro
185 1589 211 1633 δι’
222 1583 247 1646 ἧς
260 1585 360 1645 ὃιεβῆσας.
373 1614 400 1622 -
421 1587 452 1631 lh.
469 1594 490 1631 et
503 1605 518 1632 o
533 1589 609 1648 quibus
622 1590 784 1647 separarinon

123 1671 196 1725 potes.
226 1666 267 1707 Pro
291 1663 323 1706 his
342 1664 422 1716 verbis,
444 1679 499 1722 quae
517 1664 539 1709 h.
559 1666 574 1708 l.
592 1664 675 1707 nullum
700 1679 784 1707 sensum

129 1742 239 1799 praebent,
262 1741 285 1782 in
304 1739 363 1784 Veis.
383 1739 444 1783 Aeth.
467 1747 523 1783 recte
541 1740 618 1797 legitur
638 1744 660 1781 et
679 1754 725 1782 eece
741 1755 784 1783 non

124 1824 190 1877 potes
214 1816 242 1858 td
258 1816 404 1874 inlelligere.-
422 1810 502 1860 Graece
519 1816 593 1872 procul
612 1814 676 1858 dubio
695 1814 735 1857 fuit
750 1816 783 1859 καὶ

129 1891 255 1936 1111111111
271 1893 330 1935 τοῦτο
343 1890 457 1947 γνωρίζειν,
475 1906 514 1949 pro
530 1891 605 1949 quihus
625 1892 725 1948 interpres
739 1891 783 1933 La-

127 1969 181 2011 tinus
203 1967 276 2025 legisse
298 1965 381 2010 videtur
402 1967 436 2010 καὶ
455 1967 481 2010 ov'
497 1965 583 2012 δύνασαι
601 1964 677 2010 τούτων
697 1966 782 2025 χωρίζε-

127 2047 185 2087 σθαι.
559 2086 561 2088 .

155 2119 190 2164 Vs.
208 2119 243 2160 11.
264 2120 349 2175 poterit
364 2122 472 2162 -νιάνν,
503 2117 670 2160 Prohisverhis
685 2117 789 2163 11111115.-

126 2194 186 2239 Aah.
202 2193 276 2236 melius
291 2193 368 2252 legitur
377 2196 468 2252 poteras
480 2196 607 2254 intellegere
622 2194 781 2243 ordinationem

127 2273 176 2314 vioe
190 2269 311 2314 Altissz'mz'.
340 2271 380 2313 Pro
395 2270 474 2314 Graeco
489 2271 524 2315 καὶ
536 2270 581 2321 πῶς
593 2267 680 2314 δύνασαι
690 2266 725 2315 τόν
738 2267 781 2314 στί-

126 2365 165 2405 χον
178 2342 325 2403 συλλαμβάνειν
337 2348 423 2403 τῆς-τοῦ
435 2345 536 2402 Ὑψίστου
549 2346 611 2407 otoo,
626 2346 709 2390 Latinus
726 2346 781 2389 male

125 2424 201 2481 legisse
214 2422 295 2465 videtur
310 2424 343 2466 ναὶ
358 2425 402 2473 πῶς
414 2417 500 2465 δύναται
512 2417 536 2464 τό
550 2421 610 2477 ἄγνος
621 2426 659 2467 σοῦ
672 2419 781 2477 λαμβάνειν

124 2496 164 2560 τήν
177 2502 214 2543 τοῦ
227 2498 326 2553 Ὑψίστου
335 2494 397 2542 ’ὀδόνε
412 2496 476 2556 seme}
490 2492 525 2539 τόν
536 2496 606 2551 στίχον
616 2502 660 2541 ont.
673 2486 779 2554 1111111-

125 2592 159 2632 γος
172 2580 212 2618 σοῦ
231 2563 353 2631 depravatis,
375 2580 456 2616 ceterae
470 2573 593 2615 mutationes
608 2572 707 2616 facillime
725 2572 779 2616 orie-

124 2652 207 2695 bantur.
225 2651 283 2704 Quae
299 2652 321 2693 in
335 2650 375 2694 hoo
390 2665 451 2693 versu
464 2658 582 2707 sequuntur
592 2651 624 2692 vix
630 2649 721 2707 intelligi
733 2666 779 2707 pos·
832 2696 834 2699 ,

125 2735 178 2771 sunt.
209 2726 280 2771 Versio
302 2734 370 2770 tamen
391 2725 522 2784 Aethiopica,
544 2740 634 2784 quaeum
648 2727 712 2770 Arabs
727 2742 779 2769 oon-
