1758 3351
352 221 417 261 *47

81 342 132 402 λόγῳ
146 345 185 386 σοῦ
196 342 306 399 depravata
320 344 382 386 fuisse
396 342 491 384 videntur
504 344 527 387 in
543 341 655 399 σώζομενα.
687 340 731 398 Quo

78 426 159 470 antem,
174 419 220 463 voci
232 426 321 463 servata
336 419 452 477 adjectum,
468 425 566 476 tanquam
579 419 674 476 spurium
690 416 732 472 eji—

79 495 177 558 ciendum
193 503 223 538 est
240 488 457 554 cans.Sangor1n.

82 597 84 606 ι
107 572 142 616 Vs.
164 575 198 615 10.
221 574 282 616 eratin.
313 573 358 614 Hoc
378 571 503 615 vocantem
525 584 574 612 oum
593 569 651 614 Vens.
668 569 729 613 Aah.

78 643 201 703 ejiciendum
217 656 255 690 est:
269 649 291 689 in
300 654 378 708 textum
389 649 491 707 inseatnm
503 646 565 689 fuisse
573 645 666 697 videtur,
676 656 730 702 post-

78 725 183 782 quanin
195 722 337 782 praecedente
359 725 420 765 vers'u
440 723 555 779 depravatio
576 730 620 765 orta
633 727 729 766 erae*
763 711 764 714 Ἴ

76 801 107 843 lb.
124 802 163 843 ltoc
178 807 210 841 eet
223 800 336 841 mamillis.
362 799 418 841 Haec
430 798 493 840 111111
511 798 604 841 redolent
620 798 729 856 glossema,

77 876 104 918 ad
116 874 259 931 explicandum
272 874 396 918 vocabulum
408 876 520 935 meandris,
534 890 582 918 mox
593 874 729 932 praecedens,

76 952 183 1006 additum;
195 953 229 996 illa
243 960 312 995 antem
322 953 367 1009 jam
380 953 462 1009 pridem
476 954 498 993 in
510 952 572 996 Codd.
585 953 622 995 Gr.
637 953 729 1003 affuisse,
794 1012 799 1017 .

76 1028 137 1072 docet
151 1030 210 1074 Veis.
230 1028 303 1080 Aah„
322 1030 345 1070 in
365 1042 407 1084 qna
424 1028 486 1070 etiam
501 1034 623 1079 occurrunt,
641 1026 676 1070 sed
690 1027 730 1070 alio

76 1106 122 1147 loco
138 1105 210 1161 posita.
226 1129 253 1137 -κ
267 1104 299 1146 ss).
308 1105 405 1161 fructui.
419 1104 473 1161 Lege
480 1100 589 1162 ficetum}

105 1180 142 1224 Vs.
156 1182 191 1223 13.
213 1180 245 1223 Et
257 1179 398 1236 mortificandis
414 1204 444 1211 -
457 1186 524 1221 tecit-m.
555 1179 580 1221 In
593 1179 653 1224 Vers.
667 1177 728 1221 neth.

76 1255 151 1297 meiius
173 1256 201 1298 sie
221 1256 351 1313 legitur:·et
369 1262 451 1315 postea
466 1254 576 1312 iateifica's
595 1269 652 1308 eam,
669 1269 730 1312 quem

76 1334 160 1374 creasti
172 1338 193 1374 ct
204 1331 327 1388 viofficastz‘,
342 1347 395 1391 opem
406 1326 730 1385 11111111(11115111111111111111111

77 1422 88 1449 e
109 1414 176 1450 morte
196 1407 217 1450 11.
238 1408 253 1450 1.
270 1423 336 1451 sermo
353 1423 396 1450 esse
412 1424 454 1450 non
467 1415 546 1464 potest,
562 1408 593 1449 nti
609 1422 621 1450 e
637 1421 665 1449 vs.
682 1422 731 1448 mox

76 1484 175 1541 sequenti.
190 1491 256 1541 patet;
277 1498 329 1541 qnae
347 1491 417 1527 tamen
440 1484 541 1527 sententia
557 1498 569 1525 e
586 1490 644 1525 textu
657 1483 730 1525 Latino

74 1546 134 1601 facile
156 1560 203 1602 elici
223 1567 298 1616 posset.
336 1559 416 1602 Idcirco
435 1574 473 1616 pro
496 1565 517 1601 et
535 1558 658 1616 m'mficabt's
682 1573 729 1601 eam

75 1634 187 1692 legendum
202 1635 240 1676 erit
254 1641 275 1676 et
292 1649 355 1692 quem
368 1634 497 1692 vivificasti,
512 1634 552 1677 nisi
567 1635 640 1677 vitium
649 1635 694 1690 J'am
706 1635 729 1676 in

74 1708 123 1752 Cod.
139 1709 175 1752 Gr.
189 1709 277 1751 affuerit.

100 1773 140 1830 «Vs.
156 1787 191 1827 14.
213 1791 249 1826 tuo
264 1784 333 1842 jacea
346 1809 377 1817 —
389 1791 524 1827 servaretur.
555 1785 580 1828 In
595 1785 654 1830 Vens.
667 1783 728 1827 neth.

74 1848 244 1918 hahetur'qnare
258 1875 312 1919 ergo
325 1863 409 1903 creasti
420 1876 473 1912 eum,
483 1875 547 1917 qnam
558 1861 669 1904 lectionem
677 1875 729 1904 con-

74 1936 142 1979 firmat
156 1936 217 1979 etiam
229 1937 287 1981 vers.
302 1937 378 1988 Anah,
397 1944 417 1980 et
429 1936 506 1979 haecce
518 1945 620 1993 praestare
633 1937 727 1988 videtur,

75 2013 125 2070 qnia
145 2013 237 2056 continet
256 2012 353 2069 apodosin
373 2012 502 2064 sententiae,·
517 2027 580 2069 quam
598 2028 610 2055 a
625 2013 692 2054 verbis
705 2014 728 2054 si

75 2102 129 2146 ergo
146 2086 186 2130 hoe
200 2104 260 2144 versu
273 2096 345 2131 auctor
356 2088 470 2145 inceperat3
489 2087 540 2131 haee
554 2089 727 2145 autemapodosis

75 2163 131 2206 deest
149 2165 171 2207 in
187 2165 246 2210 Vens.
260 2166 304 2209 Lat.
322 2164 458 2208 Probabiliter
473 2166 546 2217 veiha,
563 2180 617 2223 quae
633 2167 728 2209 nuncin

74 2248 131 2283 textu
151 2242 222 2284 Latino
241 2242 353 2300 leguntur,
370 2242 471 2299 glossema
491 2249 551 2294 sunt,
567 2242 594 2286 ad
611 2242 728 2299 marginem

74 2316 151 2360 Codicis
164 2316 289 2374 adscriptum
301 2318 414 2375 abaliquo,
427 2318 464 2375 qni
475 2317 586 2361 admonere
598 2317 666 2369 vellet,
675 2317 728 2360 nihil

73 2393 111 2437 Dei
123 2399 222 2451 potestate
234 2394 328 2451 superius
341 2410 390 2437 esse.
406 2395 461 2440 Vera
472 2402 541 2437 autem
556 2393 644 2438 auctoris
654 2393 725 2450 veiha,
750 2436 753 2440 ,

74 2482 127 2525 qnae
142 2470 254 2513 etiamnum
268 2470 291 2513 in
308 2471 396 2529 utraque
410 2472 468 2517 Veis.
481 2471 559 2514 Orient.
576 2479 698 2524 occurrant,
715 2486 726 2513 e

73 2543 136 2587 codd,
147 2547 223 2591 Latinis
237 2546 364 2599 exciderunt,
378 2555 398 2590 et
408 2548 507 2606 glossema
513 2547 566 2590 illud
574 2562 646 2590 eorum
655 2548 726 2591 locum

73 2620 95 2662 in
106 2628 163 2664 textu
175 2624 288 2680 occupavit.
300 2622 353 2665 Fieri
360 2630 429 2667 tamen
436 2624 509 2682 potuit,
515 2631 539 2666 ut
546 2623 569 2667 in
575 2624 623 2669 cod.
632 2626 726 2681 Gr.‚qno

73 2711 122 2746 usui
131 2696 157 2745 sit
171 2699 264 2752 Latinus,
279 2699 330 2746 haec
343 2701 460 2757 depravatio
472 2702 541 2745 locum
549 2699 594 2756 jam
608 2700 725 2745 obtinuerit,
