1758 3351
503 264 543 318 172

193 400 217 443 τό
233 399 305 457 θηρίον
319 400 352 442 καὶ
364 400 411 451 τούς
423 403 511 455 βασιλεῖς
523 404 558 457 τῆς
571 403 609 460 γῆς
622 402 655 444 καὶ
667 402 693 445 τα
706 401 843 461 στρατεύματα

193 474 260 517 αὐτῶν
278 473 391 532 συνηγμένα
411 477 493 533 ποιῆσαι
513 473 600 530 πόλεμον
612 474 664 529 μετα
676 481 714 519 τοῦ
726 476 843 535 καθημένου

191 549 226 591 ἐπὶ
239 551 276 593 τοῦ
286 554 349 595 ἵππου
362 550 396 593 καὶ
408 549 460 603 μετα
472 552 509 592 τοῦ
522 545 669 607 στρατεύματος
682 550 750 595 αὐτου.
764 553 843 612 Verum

191 623 269 669 haecce
283 625 355 668 Lttckii
370 625 511 681 interpretatio
525 624 624 677 fluctuat,
640 639 725 668 nam-ex
739 641 772 678 eo,
788 626 844 684 quod
859 631 861 634 '

191 715 239 756 pars
254 709 333 743 tanturn
348 700 430 742 visionis
447 701 546 757 explicata
561 701 597 755 sit,
612 701 676 757 patet,
690 702 789 744 visionem
801 716 843 745 non

191 783 255 818 totam
268 777 294 819 ah
313 791 336 818 eo
350 777 411 819 fuisse
426 776 552 821 intellectam
556 794 562 831 ;
573 792 612 820 nec
623 778 718 820 convenit
729 777 764 820 iila
772 777 842 819 inter-

189 851 278 905 pretatio
301 866 349 894 curn
365 867 400 905 eo,
424 852 480 907 quod
495 854 538 908 ipse
553 860 624 896 auctor
639 860 709 909 aperte
723 852 842 909 pronuntia-

162 979 164 983 ι
190 926 225 968 rit.
256 926 334 981 EGap.
351 927 406 968 enirn
417 927 495 969 XL22
511 941 555 984 sqq.
570 928 596 972 V.
613 928 842 984 Lat.'patet,ootoillas

190 1001 300 1044 subalares
315 1016 410 1060 regnasse
425 1008 479 1061 post
499 1005 527 1044 12
547 1003 594 1046 alas.
619 1004 730 1060 Postquam
745 1003 800 1046 enim
815 1005 842 1045 12

189 1077 233 1119 alae
249 1085 269 1119 et
284 1079 297 1119 2
312 1078 414 1120 subalares
428 1079 539 1135 perierant,
552 1080 604 1121 Ezra
612 1076 669 1121 'vidit
682 1085 703 1120 et
716 1094 762 1122 ecee
776 1079 842 1121 suba·

189 1154 250 1195 lares
268 1154 395 1212 cogitabant
411 1169 434 1196 se
454 1151 541 1214 erigere
556 1160 577 1196 et
593 1161 664 1197 tenere
673 1157 825 1214 principatum
833 1169 841 1206 ;

188 1236 208 1270 et
229 1243 266 1285 per
287 1243 320 1271 eas
341 1228 453 1286 significari
475 1245 548 1289 reges,
575 1230 720 1288 quiImperio
743 1229 841 1273 Romano

186 1305 332 1361 praefuerunt,
347 1303 405 1361 patet
419 1320 430 1347 e
444 1305 465 1350 G.
481 1306 526 1349 XII.
544 1309 571 1349 29
586 1320 631 1363 sqq.
647 1307 672 1350 V.
688 1306 745 1357 Lat,
756 1306 792 1348 uhi
806 1306 841 1349 le-

187 1380 243 1437 gitur
262 1380 298 1423 Et
311 1382 413 1437 quoniam
428 1381 508 1422 vz'olirtz'
521 1382 636 1427 scholares
651 1385 697 1423 octo
704 1379 842 1423 cohaerentes

186 1458 231 1499 alis
247 1459 305 1507 αιἀσ,
321 1456 423 1497 haereat
437 1457 598 1513 interpretatio.
630 1455 765 1513 Excurgent
774 1458 840 1514 inip-

185 1547 209 1574 so
224 1531 309 1590 (nempe
324 1545 393 1589 regno
406 1528 514 1588 Romano)
529 1536 574 1573 octo
589 1545 660 1589 reges,
675 1546 766 1588 quornm
778 1539 840 1574 erunt

185 1616 284 1668 tempora
299 1609 355 1650 ἰοαὶα
370 1621 415 1664 sqq.
446 1606 468 1648 Si
483 1606 548 1664 igitur
561 1621 598 1662 per
616 1609 642 1648 12
657 1608 698 1649 alas
710 1607 840 1666 intelligendi

185 1686 233 1727 sint‘
247 1687 273 1726 12
292 1685 371 1740 priores
387 1683 522 1739 Imperatores
536 1684 636 1733 Romani⁷
655 1697 693 1739 per
709 1687 722 1727 8
736 1683 839 1726 subalares

186 1768 206 1803 et
221 1763 234 1803 3
252 1759 318 1815 capita
335 1758 423 1816 intelligi
438 1758 517 1810 dehent,
530 1760 555 1799 11
575 1765 682 1814 sequentes
696 1758 837 1814 Imperatores.

185 1837 233 1887 Sed,
248 1831 353 1879 auctorem
361 1837 388 1878 23
398 1817 535 1890 Imperatores
545 1832 661 1890 siguificare
674 1832 730 1876 haud
742 1835 838 1891 potuisse,

183 1915 237 1955 infra
249 1911 371 1953 videbimus.
390 1910 442 1953 lade
457 1910 520 1966 igitur
533 1909 630 1966 sequitur,
645 1908 718 1951 Liiokii
734 1910 838 1967 interpre-¹

183 1989 282 2032 tationem
299 1994 357 2044 {pace
369 1986 415 2032 Viri
426 1987 455 2030 (tl.
471 1986 545 2043 dicam)
561 2001 603 2028 non
619 1992 674 2028 recte
685 2000 706 2028 se
717 1985 802 2029 habere.-

212 2063 304 2108 Tandem
317 2064 425 2107 Gfrtrerus
447 2060 477 2121 (1)
492 2049 610 2119 nuperrime
623 2062 744 2119 conscripsit
759 2062 836 2121 disqui-

183 2142 278 2185 sitionem
291 2140 317 2183 de
329 2147 414 2183 auctore
428 2146 448 2180 et
463 2145 530 2181 aetate
541 2137 606 2180 nostri
618 2137 672 2180 libri.
689 2138 782 2181 Primum
792 2142 836 2182 ani-

183 2217 301 2267 madvertit,
314 2216 394 2258 librum
407 2230 449 2258 non
462 2222 509 2259 ante
523 2215 598 2267 iniens,
611 2215 644 2256 vel
654 2214 724 2270 potius
734 2215 836 2268 medium,

183 2294 276 2337 seculum
291 2295 326 2334 1⁸³¹
346 2291 451 2334 conscribi
469 2292 572 2349 potuisse,
588 2288 757 2348 quandoquidem
772 2294 836 2350 scrip-

183 2379 237 2413 tores
254 2370 278 2411 N.
297 2370 328 2419 T„
345 2368 374 2411 Fl.
396 2367 495 2425 Josephus
513 2374 575 2423 atque
598 2366 722 2423 antiquiores
746 2368 835 2412 Rnhhini

182 2446 231 2490 libri
250 2443 330 2488 nuliam
345 2444 472 2487 mentionem
484 2443 584 2486 fecerunt.
615 2442 656 2485 Sed
671 2444 710 2486 tale
724 2444 835 2501 argumen-

183 2533 229 2566 tum
243 2537 254 2564 e
266 2520 346 2564 silentio
358 2520 445 2564 ductum
456 2519 512 2562 omni
521 2519 541 2561 ri
551 2518 671 2561 destitutum
681 2527 719 2569 est,
731 2519 778 2577 quia
788 2536 835 2563 nos-

181 2610 214 2643 ter
228 2599 291 2640 Ezrae
304 2596 356 2640 liber
369 2613 410 2640 non
425 2596 469 2640 talis
484 2603 524 2646 est,
539 2595 575 2653 qui
588 2611 599 2638 a
611 2595 744 2652 scriptoribus
757 2611 836 2647 mensom

202 2766 226 2811 (t)
241 2766 281 2797 Tan
290 2765 345 2798 Zetis.
353 2761 383 2805 frti·
394 2762 449 2794 Tlrrol.
462 2760 473 2791 1.
486 2761 496 2793 l,
509 2773 526 2804 p,
540 2762 624 2793 97-119.
