1758 3351
445 224 491 292 v18

123 435 125 438 v
152 394 176 423 eo
197 379 278 421 fortasse
288 377 351 427 latet,
368 377 424 433 quod
439 375 563 419 Christianus
574 377 612 420 ille
627 376 702 420 librum
719 376 801 420 hunooe

150 455 198 497 fidei
218 467 275 495 suae‘
285 453 345 495 sociis
364 451 518 496 accommodare
535 452 633 497 voluerit:
643 436 703 510 'quae
716 439 800 496 11111111-

149 531 177 572 tia
192 528 326 572 confirmatur
341 543 425 585 quoque
440 526 543 584 additione
549 528 637 571 nominis
646 527 701 573 Jesu
707 528 754 573 VII.
762 532 799 572 28¹.
845 534 849 537 ’

147 606 246 648 Nostrum
264 606 319 648 enim
333 605 411 647 librum
432 603 456 647 ed
470 611 537 647 aetate
548 604 620 661 magui
633 619 676 648 esse
692 605 800 656 1111111111,

147 689 205 738 patet
224 681 257 723 vel
272 696 283 723 e
298 680 364 722 verbis
376 680 486 723 Clementis
499 679 633 723 Alexandrini
645 680 707 722 modo
722 681 799 732 allatis,

148 758 185 820 qui
203 770 251 799 eum
271 755 344 799 habuit
359 770 409 812 opus
425 756 452 799 ab
470 757 521 799 Ezra
535 754 635 813 propheta
653 757 800 813 couscriptum.

146 828 208 875 Hune
225 834 290 890 igitur
311 832 438 888 aptissimum
461 832 545 884 hahuit,
565 832 602 890 qui
616 832 733 876 Christianis
753 832 800 875 ani-

145 893 206 950 mum
218 906 302 950 adderet
314 906 337 947 in
349 906 488 962 perpetiendis
500 907 572 957 malis,
586 921 640 963 quae
652 908 701 964 ipsis
715 908 800 951 incum-

146 984 238 1034 bebant,
258 996 333 1039 eosque
354 981 473 1025 admoneret
487 996 514 1024 ne
532 981 591 1024 anxie
606 991 742 1038 quaererent,
758 998 799 1040 quo

136 1058 230 1100 tandem
250 1054 355 1114 proposito
377 1058 432 1100 Deus
451 1058 553 1115 populum
573 1071 634 1100 suum
655 1057 744 1101 electum
763 1062 799 1114 op-

144 1134 272 1190 pressoribus
286 1134 316 1177 sio
331 1133 472 1192 diripiendum
483 1133 579 1177 traderet.
595 1134 647 1177 Cum
661 1134 717 1175 enim
728 1142 799 1177 auctor

145 1210 234 1254 Iudaeus
247 1210 326 1266 saepius
339 1210 362 1253 in
378 1210 432 1252 libro
444 1224 482 1253 suo
496 1217 640 1260 memorasset,
655 1223 741 1265 parvam
754 1217 799 1253 tan-

144 1293 191 1327 tum
209 1284 319 1329 hominum
339 1292 420 1343 partem
437 1285 508 1328 salutis
521 1292 616 1328 aeternae
627 1285 750 1342 participem
762 1272 799 1328 fu-

144 1368 225 1412 turam,
241 1362 384 1418 plurimosque
399 1361 425 1403 ad
438 1360 562 1404 Iudaeorum
577 1367 660 1419 gentem
673 1360 798 1416 pertinentes
824 1378 827 1386 ’

144 1437 245 1493 perituros
266 1452 318 1487 esse,
339 1450 448 1492 quumque
467 1437 603 1478 Palaestinam
621 1452 634 1479 a
651 1436 748 1479 Romanis
761 1437 798 1480 de-

144 1511 219 1554 victam
238 1517 301 1567 atque
321 1509 486 1567 Hierosolymam
506 1510 651 1566 templumque
665 1512 798 1555 1111111111-

143 1594 221 1629 structa
239 1585 318 1629 uideret
342 1584 376 1644 (H.
396 1584 472 1642 1—9),
489 1584 551 1627 facile
571 1585 593 1628 in
615 1599 661 1628 eam
677 1587 797 1642 opinionem

128 1696 130 1698 -
144 1662 242 1705 inductus
264 1669 294 1703 est
311 1660 436 1704 Christianus
454 1661 502 1712 ille,
519 1660 604 1703 ludaeos
615 1661 660 1716 jam
673 1678 685 1706 a
696 1663 739 1705 Ileo
754 1679 797 1707 esse

142 1737 261 1795 reprobatos
274 1736 301 1795 (Ι.
315 1739 329 1779 ’4
343 1743 407 1794 sqq),
418 1744 480 1793 atque
494 1736 597 1793 religionis
610 1735 735 1781 Christianae·
746 1754 797 1796 pro·

142 1816 227 1857 sessores
246 1831 259 1856 a
275 1814 318 1856 Deo
338 1820 410 1870 utpote
430 1813 520 1855 electum
536 1799 598 1855 suuni
609 1812 711 1869 populum
724 1814 747 1857 in
760 1816 796 1858 Iu-

143 1891 241 1933 daeorum
260 1891 330 1933 locum
350 1904 393 1931 esse
407 1888 526 1931 substitutos
544 1887 578 1946 (fl
594 1890 620 1933 10
638 1893 703 1947 sqq.);
718 1890 795 1944 ideirco

141 1967 178 2009 hos
193 1965 311 2009 consolatur
323 1972 386 2022 atque
398 1965 504 2016 admouet,
514 1972 538 2006 ut
549 1972 638 2017 teneant,
647 1980 668 2008 se
675 1966 700 2009 ad
707 1982 795 2025 reguum

141 2045 229 2087 coeleste
242 2050 323 2085 vocatos
338 2056 393 2093 1111,
410 2049 473 2099 atque
485 2058 497 2085 a
509 2041 548 2084 Dei
559 2041 612 2093 filio,
627 2056 690 2099 quem
704 2042 795 2088 interra
865 2093 867 2099 Ἠ

140 2119 227 2175 professi
244 2118 296 2169 sint,
317 2117 371 2160 fidei
384 2132 432 2161 suae
449 2118 541 2174 praemia
564 2132 606 2160 esse
621 2125 740 2175 accepturos
757 2118 793 2178 (ll.
840 2158 842 2163 .

142 2197 170 2237 37
186 2190 261 2251 sqq.).,
278 2193 331 2237 Cum
345 2199 415 2235 tamen
428 2200 499 2236 auctor
510 2192 599 2238 Iudaeus
613 2191 677 2250 (XIII.
693 2197 722 2238 39
737 2193 792 2252 sqq.)

141 2277 286 2320 memorasset,
308 2269 398 2320 exsules,
417 2284 429 2311 a
445 2269 594 2312 Salmanassare
608 2283 619 2312 e
632 2285 696 2328 regno
710 2271 794 2313 Israeli-

141 2347 182 2389 tieo
195 2347 318 2404 deportatos,
333 2346 397 2390 aDeo
410 2345 486 2407 eleetos
498 2360 546 2397 esse,
559 2353 584 2388 ut
592 2346 695 2390 felicitatis
701 2347 793 2390 coelestis

141 2423 252 2479 participes
269 2422 352 2474 fierent,
372 2436 415 2464 non
431 2421 510 2478 potuit,
531 2422 584 2479 quin
603 2430 624 2471 et
639 2421 677 2466 Iros
689 2436 732 2466 una
744 2438 793 2467 eum

140 2498 258 2544 Christianis
278 2499 369 2542 electum
388 2496 426 2540 Dei
445 2498 548 2555 populum
567 2498 657 2551 diceret,
674 2499 709 2541 cui
728 2498 792 2542 desti-

140 2582 213 2619 natum
239 2582 290 2617 esset
314 2583 422 2619 aeternum
441 2574 494 2617 illud
515 2590 605 2634 regnum
625 2575 792 2634 Hierosolymita-

140 2667 199 2697 uum.
239 2651 271 2694 Ne
292 2658 362 2695 tamen
383 2651 523 2696 adversaretur
543 2650 647 2709 opinioni,
674 2651 791 2696 Christianis

140 2737 222 2774 tantum
236 2728 322 2772 salutem
336 2736 439 2772 aeternam
455 2744 498 2772 esse
510 2726 636 2781 destinatam,
651 2728 677 2772 de
687 2728 719 2771 his
733 2729 790 2786 regni
