1758 3351
473 249 501 289 50

158 361 223 416 κατά,
237 364 293 422 quod
306 367 355 407 auto
370 365 407 424 rije
421 374 464 411 erat
478 367 587 420 omissum,
602 369 628 413 ad
642 369 757 426 marginem
773 367 809 411 ad-

159 440 256 497 scriptum
262 440 311 494 fuit3
319 444 392 501 regula
400 452 468 488 autem
475 444 618 488 verosimiliter
625 446 729 489 desinebat
735 446 757 489 in
765 460 810 488 ves-

157 516 184 557 ha
196 518 249 558 δικαι
256 531 312 574 ‚quo
326 519 405 562 factum
419 528 463 563 uta
476 519 546 562 seriori
554 520 687 575 soribaunnn',
702 521 757 578 quod
765 521 810 577 jam

157 581 255 634 continuo
269 601 315 650 post
329 597 382 639 dinus
395 596 513 653 legebatur,
528 596 595 639 sedin
606 598 700 654 margine
711 597 808 653 positum,

155 666 179 709 in
194 674 273 711 textum
289 671 421 727 reciperetur,
452 673 523 727 Quum
537 673 601 731 igitur
613 672 717 730 legeretur
728 691 764 730 την
778 675 810 715 δι-

111 789 114 793 ,
156 762 189 789 nna
207 764 258 790 anun
277 764 352 805 οσυνην
371 749 432 792 laoile
451 749 503 809 alter
517 749 566 792 inde
581 740 679 805 conjecit,
695 748 809 804 legendum

156 836 198 863 esse
210 821 256 865 τινιί
267 824 301 866 καὶ
313 823 380 867 unffi
388 839 414 868 oo
423 823 474 885 φῄςι
485 839 533 869 nam
548 828 647 870 ΤΗΝΔΙ
658 823 718 867 facile
729 823 752 864 in
767 825 809 866 TI-

154 899 201 941 NA
220 898 296 940 mutari
310 899 411 953 potuisse,
428 901 529 957 quisque,
545 899 578 943 rel
593 915 627 942 me
642 906 683 942 nou
699 906 807 949 monente,

155 973 253 1015 continuo
265 973 373 1030 intelliget.
771 1021 775 1025 ἡ

183 1048 222 1100 Vs
235 1052 272 1092 38.
287 1053 338 1091 ante
352 1074 382 1082 -
396 1055 488 1092 anto-
499 1055 557 1095 ante.
586 1052 651 1094 Recte
672 1050 695 1092 in
707 1051 743 1093 llls.
756 1035 807 1093 San-

154 1139 218 1182 germ.
240 1125 317 1191 legitur
337 1131 378 1167 aiat
390 1153 417 1160 -
432 1131 474 1168 ant
486 1153 513 1161 -
528 1132 579 1170 uuit:
599 1135 645 1184 post
660 1131 808 1194 peceaverunt
863 1175 865 1179 v

151 1200 215 1258 igitur
231 1215 312 1244 comma
326 1201 448 1257 ponendum
463 1208 500 1245 est.

180 1276 216 1320 Vs.
234 1278 269 1320 40.
286 1262 370 1319 locarius
388 1292 443 1319 situi.
473 1278 499 1319 In
513 1269 715 1322 vessanensis
729 1276 807 1333 legitur

151 1351 236 1394 loeutus
251 1367 286 1395 es:
309 1354 335 1396 el.
348 1368 377 1397 rs.
391 1356 427 1396 37.
447 1354 477 1397 cl.
489 1368 509 1397 v,
524 1353 545 1396 d.
559 1354 617 1396 Palm
631 1353 717 1397 eandem
731 1353 806 1396 lectio-

151 1443 201 1471 nem
217 1430 279 1472 etiam
294 1430 406 1486 proposuit.
576 1419 580 1423 l

128 1501 129 1504 ¹
180 1506 216 1550 Vs.
233 1507 268 1547 41.
279 1506 434 1564 plantationes
445 1504 605 1547 multitudinis.
635 1490 660 1559 ln
671 1505 728 1550 Vens.
743 1504 804 1548 Aeth.

148 1581 222 1622 melius
237 1580 315 1637 legitur
329 1581 411 1623 miiltus
420 1581 529 1639 plantas,
545 1580 623 1624 ideireo
634 1581 747 1638 legendum
756 1594 805 1628 oon-

145 1655 195 1711 jieio
206 1656 358 1714 plantationis
373 1655 531 1699 multitudines.

177 1731 213 1775 Vs.
232 1734 267 1774 43.
290 1736 331 1773 ont
344 1745 387 1772 non
400 1733 517 1789 acceperit.
548 1730 573 1772 In
586 1731 621 1772 tls
636 1731 742 1788 Sangerm.
758 1746 805 1773 me-

147 1807 188 1849 lius
202 1806 280 1865 legitur
295 1822 337 1848 iton
348 1809 404 1849 enim
415 1808 512 1869 aceepit:
524 1820 594 1848 sensus
608 1806 716 1848 animost:
732 1821 804 1863 quem-

148 1882 261 1926 admodum
283 1897 353 1925 semen
374 1883 484 1941 agricolae,
507 1882 582 1924 sinon
600 1880 738 1934 adscenderit,
755 1882 804 1939 quia

147 1974 190 2002 non
205 1958 286 2015 aceepit
297 1959 389 2016 pluviam
404 1959 473 2001 —sie
487 1958 547 2015 perit.
567 1958 681 2015 Sequentia
690 1959 752 2001 verba
765 1966 804 2001 unt

148 2038 170 2078 si
180 2061 204 2068 —·
216 2037 306 2094 pluviae
319 2036 407 2079 fortassis
421 2035 521 2092 ejicienda
529 2042 587 2077 sunt:
599 2034 739 2077 desiderantur
748 2035 803 2078 enim

146 2114 168 2155 in
190 2113 248 2159 Vers.
268 2112 328 2156 Aetli.
350 2120 370 2155 et
394 2112 502 2156 commode
519 2112 588 2170 abesse
607 2118 698 2168 possunt.
728 2111 803 2155 Addita

146 2189 208 2231 fuisse
220 2187 315 2231 ridentur
326 2188 352 2231 ah
359 2189 435 2247 aliquo,
444 2190 481 2246 qui
488 2189 574 2234 lectores
586 2176 697 2229 admonere
707 2188 801 2238 voluerit,

147 2279 217 2307 semen
230 2266 292 2306 etiam
307 2265 412 2320 eorrumpi
426 2279 486 2321 posse
499 2263 563 2306 nimia
577 2262 653 2319 pluvii.
784 2255 786 2260 ⁸

176 2340 211 2385 Vs.
228 2343 263 2383 44.
279 2341 418 2384 eternaliter
433 2355 478 2399 sqq.
510 2341 560 2382 Tota
572 2337 624 2382 haee
637 2338 749 2389 sententia,
764 2352 802 2379 us-

147 2432 189 2474 que
202 2416 228 2459 ad
242 2417 305 2459 finem
319 2417 370 2468 ooli,
386 2417 534 2474 interrogative
548 2415 647 2458 sumenda
659 2423 698 2467 est,
714 2413 744 2456 uti
754 2428 801 2457 oon-

146 2499 202 2535 texta
215 2493 278 2535 oratio
293 2493 352 2538 docet
365 2501 385 2536 et
399 2493 507 2537 confirmat
521 2493 578 2538 Vers.
590 2492 651 2536 teth.
668 2491 754 2535 'Idcirco
766 2506 801 2533 ro-

146 2568 245 2612 eahulum
264 2584 314 2612 unm
333 2569 505 2628 praeponendum
524 2562 575 2621 erit,
602 2569 668 2626 ejecta
687 2568 760 2611 vocula
779 2574 801 2611 et

145 2653 193 2688 ante
206 2646 317 2690 sinn‘lasti.
332 2647 424 2691 Fortasse
436 2646 540 2691 tamenin
552 2645 600 2691 cot.
615 2645 651 2689 Gr.
663 2644 707 2701 jam
715 2644 800 2689 deerant
840 2640 841 2643 ’
867 2705 869 2707 ·

94 2749 95 2752 =
145 2723 207 2767 rerba
221 2718 261 2781 ἆρα
274 2722 302 2781 γε’.
691 2731 692 2734 ’
838 2706 840 2710 ¹
