<?xml version="1.0" encoding="UTF-8"?>
<!DOCTYPE html PUBLIC "-//W3C//DTD XHTML 1.0 Transitional//EN"
    "http://www.w3.org/TR/xhtml1/DTD/xhtml1-transitional.dtd">
<html xmlns="http://www.w3.org/1999/xhtml" xml:lang="en" lang="en">
 <head>
  <title>
</title>
<meta http-equiv="Content-Type" content="text/html;charset=utf-8" />
  <meta name='ocr-system' content='tesseract 3.04.00' />
  <meta name='ocr-capabilities' content='ocr_page ocr_carea ocr_par ocr_line ocrx_word'/>
</head>
<body>
  <div class='ocr_page' id='page_1' title='image "MN41901ucmf_4_0199.png"; bbox 0 0 1758 3351; ppageno 0'>
   <div class='ocr_carea' id='block_1_1' title="bbox 365 244 404 285">
    <p class='ocr_par' dir='ltr' id='par_1_1' title="bbox 365 244 404 285">
     <span class='ocr_line' id='line_1_1' title="bbox 365 244 404 285; baseline 0.026 -1"><span class='ocrx_word' id='word_1_1' title='bbox 365 244 404 285; x_wconf 84' lang='lat'>173</span> 
     </span>
    </p>
   </div>
   <div class='ocr_carea' id='block_1_2' title="bbox 0 363 712 2782">
    <p class='ocr_par' dir='ltr' id='par_1_2' title="bbox 0 352 712 2782">
     <span class='ocr_line' id='line_1_2' title="bbox 63 363 712 426; baseline -0.007 -14.442"><span class='ocrx_word' id='word_1_2' title='bbox 63 372 110 413; x_wconf 86' lang='lat' dir='ltr'>ratis</span> <span class='ocrx_word' id='word_1_3' title='bbox 125 367 184 411; x_wconf 88' lang='lat' dir='ltr'>citari</span> <span class='ocrx_word' id='word_1_4' title='bbox 198 366 301 411; x_wconf 79' lang='lat' dir='ltr'>debuerit:</span> <span class='ocrx_word' id='word_1_5' title='bbox 310 378 382 426; x_wconf 85' lang='lat' dir='ltr'>-rreqnc</span> <span class='ocrx_word' id='word_1_6' title='bbox 398 366 467 417; x_wconf 83' lang='lat' dir='ltr'>video,</span> <span class='ocrx_word' id='word_1_7' title='bbox 484 380 525 423; x_wconf 88' lang='lat' dir='ltr'>quo</span> <span class='ocrx_word' id='word_1_8' title='bbox 540 366 600 409; x_wconf 90' lang='lat' dir='ltr'>modo</span> <span class='ocrx_word' id='word_1_9' title='bbox 610 363 712 422; x_wconf 82' lang='lat' dir='ltr'>losephus</span> 
     </span>
     <span class='ocr_line' id='line_1_3' title="bbox 63 440 712 501; baseline -0.007 -13.442"><span class='ocrx_word' id='word_1_10' title='bbox 63 460 109 489; x_wconf 86' lang='lat' dir='ltr'>eum</span> <span class='ocrx_word' id='word_1_11' title='bbox 121 441 217 487; x_wconf 87' lang='lat' dir='ltr'>adhihere</span> <span class='ocrx_word' id='word_1_12' title='bbox 229 444 321 500; x_wconf 85' lang='lat' dir='ltr'>potuerit</span> <span class='ocrx_word' id='word_1_13' title='bbox 333 446 355 486; x_wconf 91' lang='lat' dir='ltr'>in</span> <span class='ocrx_word' id='word_1_14' title='bbox 370 441 518 501; x_wconf 70' lang='lat' dir='ltr'>conscribendi</span> <span class='ocrx_word' id='word_1_15' title='bbox 530 442 658 486; x_wconf 85' lang='lat' dir='ltr'>ludaeorum</span> <span class='ocrx_word' id='word_1_16' title='bbox 670 440 712 483; x_wconf 90' lang='lat' dir='ltr'>his-</span> 
     </span>
     <span class='ocr_line' id='line_1_4' title="bbox 62 510 711 577; baseline -0.003 -15.174"><span class='ocrx_word' id='word_1_17' title='bbox 62 519 120 563; x_wconf 75' lang='lat' dir='ltr'>torial.</span> <span class='ocrx_word' id='word_1_18' title='bbox 143 521 190 564; x_wconf 87' lang='lat' dir='ltr'>Huc</span> <span class='ocrx_word' id='word_1_19' title='bbox 206 520 296 571; x_wconf 83' lang='lat' dir='ltr'>aoocdit,</span> <span class='ocrx_word' id='word_1_20' title='bbox 309 510 360 562; x_wconf 91' lang='lat' dir='ltr'>nihil</span> <span class='ocrx_word' id='word_1_21' title='bbox 373 520 459 570; x_wconf 86' lang='lat' dir='ltr'>obstare,</span> <span class='ocrx_word' id='word_1_22' title='bbox 475 518 584 577; x_wconf 85' lang='lat' dir='ltr'>quominus</span> <span class='ocrx_word' id='word_1_23' title='bbox 598 533 711 574; x_wconf 91' lang='lat' dir='ltr'>ponamus,</span> 
     </span>
     <span class='ocr_line' id='line_1_5' title="bbox 60 593 712 653; baseline -0.006 -16.337"><span class='ocrx_word' id='word_1_24' title='bbox 60 596 136 638; x_wconf 88' lang='lat' dir='ltr'>lihrum</span> <span class='ocrx_word' id='word_1_25' title='bbox 151 595 233 639; x_wconf 85' lang='lat' dir='ltr'>huncce</span> <span class='ocrx_word' id='word_1_26' title='bbox 245 596 268 637; x_wconf 90' lang='lat' dir='ltr'>in</span> <span class='ocrx_word' id='word_1_27' title='bbox 281 595 374 653; x_wconf 80' lang='lat' dir='ltr'>Aegypto</span> <span class='ocrx_word' id='word_1_28' title='bbox 389 610 432 637; x_wconf 91' lang='lat' dir='ltr'>esse</span> <span class='ocrx_word' id='word_1_29' title='bbox 445 595 572 645; x_wconf 83' lang='lat' dir='ltr'>confectum3</span> <span class='ocrx_word' id='word_1_30' title='bbox 586 593 642 636; x_wconf 88' lang='lat' dir='ltr'>unde</span> <span class='ocrx_word' id='word_1_31' title='bbox 650 593 712 637; x_wconf 81' lang='lat' dir='ltr'>facile</span> 
     </span>
     <span class='ocr_line' id='line_1_6' title="bbox 59 668 711 728; baseline -0.006 -15.332"><span class='ocrx_word' id='word_1_32' title='bbox 59 671 204 728; x_wconf 87' lang='lat' dir='ltr'>intelligimus,</span> <span class='ocrx_word' id='word_1_33' title='bbox 221 677 344 725; x_wconf 89' lang='lat' dir='ltr'>memoratos</span> <span class='ocrx_word' id='word_1_34' title='bbox 361 670 468 726; x_wconf 77' lang='lat' dir='ltr'>scriptores</span> <span class='ocrx_word' id='word_1_35' title='bbox 486 684 535 712; x_wconf 90' lang='lat' dir='ltr'>eum</span> <span class='ocrx_word' id='word_1_36' title='bbox 553 683 580 710; x_wconf 89' lang='lat' dir='ltr'>ne</span> <span class='ocrx_word' id='word_1_37' title='bbox 593 668 711 726; x_wconf 83' lang='lat' dir='ltr'>cognovisse</span> 
     </span>
     <span class='ocr_line' id='line_1_7' title="bbox 60 744 712 802; baseline -0.003 -14.169"><span class='ocrx_word' id='word_1_38' title='bbox 60 745 150 802; x_wconf 88' lang='lat' dir='ltr'>quidem.</span> <span class='ocrx_word' id='word_1_39' title='bbox 186 748 227 789; x_wconf 94' lang='lat' dir='ltr'>Isto</span> <span class='ocrx_word' id='word_1_40' title='bbox 244 754 313 789; x_wconf 89' lang='lat' dir='ltr'>tamen</span> <span class='ocrx_word' id='word_1_41' title='bbox 330 754 452 802; x_wconf 84' lang='lat' dir='ltr'>argumento</span> <span class='ocrx_word' id='word_1_42' title='bbox 464 747 558 788; x_wconf 91' lang='lat' dir='ltr'>omnium</span> <span class='ocrx_word' id='word_1_43' title='bbox 572 744 712 787; x_wconf 89' lang='lat' dir='ltr'>infirmissimo</span> 
     </span>
     <span class='ocr_line' id='line_1_8' title="bbox 58 812 709 872; baseline 0.001 -10.918"><span class='ocrx_word' id='word_1_44' title='bbox 58 816 124 863; x_wconf 84' lang='lat' dir='ltr'>utitur</span> <span class='ocrx_word' id='word_1_45' title='bbox 139 821 259 872; x_wconf 83' lang='lat' dir='ltr'>Glro&#39;rerus,</span> <span class='ocrx_word' id='word_1_46' title='bbox 276 820 302 863; x_wconf 87' lang='lat' dir='ltr'>ad</span> <span class='ocrx_word' id='word_1_47' title='bbox 322 816 444 863; x_wconf 84' lang='lat' dir='ltr'>sententiam</span> <span class='ocrx_word' id='word_1_48' title='bbox 461 836 519 864; x_wconf 86' lang='lat' dir='ltr'>suam</span> <span class='ocrx_word' id='word_1_49' title='bbox 536 812 709 871; x_wconf 83' lang='lat' dir='ltr'>confirmandam,</span> 
     </span>
     <span class='ocr_line' id='line_1_9' title="bbox 58 895 708 955; baseline 0.001 -17.918"><span class='ocrx_word' id='word_1_50' title='bbox 58 911 132 952; x_wconf 85' lang='lat' dir='ltr'>nempe</span> <span class='ocrx_word' id='word_1_51' title='bbox 144 903 248 939; x_wconf 79' lang='lat' dir='ltr'>auctorem</span> <span class='ocrx_word' id='word_1_52' title='bbox 257 895 322 938; x_wconf 86' lang='lat' dir='ltr'>verbis</span> <span class='ocrx_word' id='word_1_53' title='bbox 330 911 454 939; x_wconf 82' lang='lat' dir='ltr'>memorasse</span> <span class='ocrx_word' id='word_1_54' title='bbox 461 897 543 940; x_wconf 87' lang='lat' dir='ltr'>ruinam</span> <span class='ocrx_word' id='word_1_55' title='bbox 549 897 708 955; x_wconf 70' lang='lat' dir='ltr'>Hierosolymam,</span> 
     </span>
     <span class='ocr_line' id='line_1_10' title="bbox 57 973 709 1026; baseline -0.001 -10.08"><span class='ocrx_word' id='word_1_56' title='bbox 57 973 229 1017; x_wconf 87' lang='lat' dir='ltr'>Nebuoadnezare</span> <span class='ocrx_word' id='word_1_57' title='bbox 243 982 339 1026; x_wconf 86' lang='lat' dir='ltr'>auctore,</span> <span class='ocrx_word' id='word_1_58' title='bbox 356 974 392 1016; x_wconf 91' lang='lat' dir='ltr'>sed</span> <span class='ocrx_word' id='word_1_59' title='bbox 409 974 471 1017; x_wconf 89' lang='lat' dir='ltr'>tacite</span> <span class='ocrx_word' id='word_1_60' title='bbox 487 975 573 1017; x_wconf 88' lang='lat' dir='ltr'>alteram</span> <span class='ocrx_word' id='word_1_61' title='bbox 587 975 709 1018; x_wconf 79' lang='lat' dir='ltr'>intellexisse</span> 
     </span>
     <span class='ocr_line' id='line_1_11' title="bbox 58 1038 710 1102; baseline 0.001 -10.918"><span class='ocrx_word' id='word_1_62' title='bbox 58 1038 710 1102; x_wconf 67' lang='lat' dir='ltr'>huiusurhisdevastationem,auctoribusRomanis.Henosuam</span> 
     </span>
     <span class='ocr_line' id='line_1_12' title="bbox 58 1125 709 1185; baseline -0.001 -18.082"><span class='ocrx_word' id='word_1_63' title='bbox 58 1126 175 1181; x_wconf 84' lang='lat' dir='ltr'>opinionem</span> <span class='ocrx_word' id='word_1_64' title='bbox 183 1125 298 1169; x_wconf 83' lang='lat' dir='ltr'>confirmari</span> <span class='ocrx_word' id='word_1_65' title='bbox 304 1133 363 1181; x_wconf 88' lang='lat' dir='ltr'>putat</span> <span class='ocrx_word' id='word_1_66' title='bbox 370 1140 399 1177; x_wconf 83' lang='lat' dir='ltr'>eo,</span> <span class='ocrx_word' id='word_1_67' title='bbox 407 1125 463 1182; x_wconf 90' lang='lat' dir='ltr'>quod</span> <span class='ocrx_word' id='word_1_68' title='bbox 470 1134 541 1169; x_wconf 86' lang='lat' dir='ltr'>auctor</span> <span class='ocrx_word' id='word_1_69' title='bbox 548 1126 622 1185; x_wconf 77' lang='lat' dir='ltr'>septies</span> <span class='ocrx_word' id='word_1_70' title='bbox 628 1126 709 1168; x_wconf 84' lang='lat' dir='ltr'>ruinam</span> 
     </span>
     <span class='ocr_line' id='line_1_13' title="bbox 57 1201 708 1259; baseline 0.004 -17.758"><span class='ocrx_word' id='word_1_71' title='bbox 57 1201 202 1245; x_wconf 67' lang='lat' dir='ltr'>messanae</span> <span class='ocrx_word' id='word_1_72' title='bbox 216 1201 260 1259; x_wconf 78' lang='lat' dir='ltr'>(m.</span> <span class='ocrx_word' id='word_1_73' title='bbox 270 1203 304 1244; x_wconf 87' lang='lat'>27.</span> <span class='ocrx_word' id='word_1_74' title='bbox 313 1201 348 1246; x_wconf 81' lang='lat' dir='ltr'>rr.</span> <span class='ocrx_word' id='word_1_75' title='bbox 358 1202 426 1245; x_wconf 68' lang='lat' dir='ltr'>rev.</span> <span class='ocrx_word' id='word_1_76' title='bbox 437 1203 473 1252; x_wconf 82' lang='lat' dir='ltr'>rs,</span> <span class='ocrx_word' id='word_1_77' title='bbox 484 1205 519 1244; x_wconf 81' lang='lat'>35.</span> <span class='ocrx_word' id='word_1_78' title='bbox 528 1202 564 1245; x_wconf 78' lang='lat' dir='ltr'>ru.</span> <span class='ocrx_word' id='word_1_79' title='bbox 576 1203 611 1244; x_wconf 85' lang='lat'>57.</span> <span class='ocrx_word' id='word_1_80' title='bbox 623 1203 649 1245; x_wconf 81' lang='lat' dir='ltr'>x.</span> <span class='ocrx_word' id='word_1_81' title='bbox 659 1204 679 1245; x_wconf 87' lang='lat'>7.</span> <span class='ocrx_word' id='word_1_82' title='bbox 688 1205 708 1246; x_wconf 82' lang='lat' dir='ltr'>o.</span> 
     </span>
     <span class='ocr_line' id='line_1_14' title="bbox 56 1274 711 1333; baseline 0 -14"><span class='ocrx_word' id='word_1_83' title='bbox 56 1276 81 1319; x_wconf 86' lang='lat' dir='ltr'>V.</span> <span class='ocrx_word' id='word_1_84' title='bbox 88 1274 139 1332; x_wconf 84' lang='lat' dir='ltr'>Lat.)</span> <span class='ocrx_word' id='word_1_85' title='bbox 150 1283 260 1328; x_wconf 82' lang='lat' dir='ltr'>memorat3</span> <span class='ocrx_word' id='word_1_86' title='bbox 272 1290 362 1333; x_wconf 84' lang='lat' dir='ltr'>eumque</span> <span class='ocrx_word' id='word_1_87' title='bbox 371 1276 397 1318; x_wconf 90' lang='lat' dir='ltr'>de</span> <span class='ocrx_word' id='word_1_88' title='bbox 406 1274 507 1316; x_wconf 76' lang='lat' dir='ltr'>industria</span> <span class='ocrx_word' id='word_1_89' title='bbox 515 1276 544 1317; x_wconf 89' lang='lat' dir='ltr'>ita</span> <span class='ocrx_word' id='word_1_90' title='bbox 554 1276 619 1332; x_wconf 81' lang='lat' dir='ltr'>egisse</span> <span class='ocrx_word' id='word_1_91' title='bbox 626 1284 711 1320; x_wconf 88' lang='lat' dir='ltr'>conten·</span> 
     </span>
     <span class='ocr_line' id='line_1_15' title="bbox 56 1350 711 1407; baseline 0.003 -13.842"><span class='ocrx_word' id='word_1_92' title='bbox 56 1350 93 1402; x_wconf 92' lang='lat' dir='ltr'>dit,</span> <span class='ocrx_word' id='word_1_93' title='bbox 100 1365 142 1393; x_wconf 88' lang='lat' dir='ltr'>non</span> <span class='ocrx_word' id='word_1_94' title='bbox 149 1358 172 1393; x_wconf 88' lang='lat' dir='ltr'>ut</span> <span class='ocrx_word' id='word_1_95' title='bbox 181 1351 281 1393; x_wconf 85' lang='lat' dir='ltr'>indicaret</span> <span class='ocrx_word' id='word_1_96' title='bbox 289 1351 380 1405; x_wconf 87' lang='lat' dir='ltr'>priorem</span> <span class='ocrx_word' id='word_1_97' title='bbox 389 1350 554 1402; x_wconf 77' lang='lat' dir='ltr'>devastationem,</span> <span class='ocrx_word' id='word_1_98' title='bbox 565 1366 629 1407; x_wconf 87' lang='lat' dir='ltr'>quam</span> <span class='ocrx_word' id='word_1_99' title='bbox 638 1351 711 1395; x_wconf 85' lang='lat' dir='ltr'>ludaei</span> 
     </span>
     <span class='ocr_line' id='line_1_16' title="bbox 56 1425 711 1481; baseline 0.007 -13.606"><span class='ocrx_word' id='word_1_100' title='bbox 56 1425 111 1467; x_wconf 89' lang='lat' dir='ltr'>haud</span> <span class='ocrx_word' id='word_1_101' title='bbox 122 1425 277 1476; x_wconf 54' lang='lat' dir='ltr'>in&#39;memoriam</span> <span class='ocrx_word' id='word_1_102' title='bbox 290 1431 417 1476; x_wconf 71' lang='lat' dir='ltr'>revocarent,</span> <span class='ocrx_word' id='word_1_103' title='bbox 431 1438 480 1466; x_wconf 84' lang='lat' dir='ltr'>nam</span> <span class='ocrx_word' id='word_1_104' title='bbox 494 1433 540 1481; x_wconf 88' lang='lat' dir='ltr'>post</span> <span class='ocrx_word' id='word_1_105' title='bbox 551 1440 597 1467; x_wconf 85' lang='lat' dir='ltr'>eam</span> <span class='ocrx_word' id='word_1_106' title='bbox 607 1426 651 1481; x_wconf 89' lang='lat' dir='ltr'>jam</span> <span class='ocrx_word' id='word_1_107' title='bbox 666 1431 711 1472; x_wconf 85' lang='lat'>600</span> 
     </span>
     <span class='ocr_line' id='line_1_17' title="bbox 4 1498 709 1560; baseline 0.004 -16.983"><span class='ocrx_word' id='word_1_108' title='bbox 4 1534 7 1540; x_wconf 63' lang='grc'><strong><em>,</em></strong></span> <span class='ocrx_word' id='word_1_109' title='bbox 57 1514 120 1542; x_wconf 90' lang='lat' dir='ltr'>annos</span> <span class='ocrx_word' id='word_1_110' title='bbox 132 1499 280 1555; x_wconf 75' lang='lat' dir='ltr'>praeterlapsos</span> <span class='ocrx_word' id='word_1_111' title='bbox 294 1499 362 1552; x_wconf 71' lang='lat' dir='ltr'>foisse,</span> <span class='ocrx_word' id='word_1_112' title='bbox 376 1498 411 1541; x_wconf 89' lang='lat' dir='ltr'>sed</span> <span class='ocrx_word' id='word_1_113' title='bbox 421 1500 507 1542; x_wconf 87' lang='lat' dir='ltr'>alteram</span> <span class='ocrx_word' id='word_1_114' title='bbox 518 1500 576 1544; x_wconf 91' lang='lat' dir='ltr'>illam</span> <span class='ocrx_word' id='word_1_115' title='bbox 587 1502 709 1560; x_wconf 85' lang='lat' dir='ltr'>subVespa-</span> 
     </span>
     <span class='ocr_line' id='line_1_18' title="bbox 56 1573 709 1630; baseline 0.007 -12.612"><span class='ocrx_word' id='word_1_116' title='bbox 56 1575 112 1617; x_wconf 78' lang='lat' dir='ltr'>siano</span> <span class='ocrx_word' id='word_1_117' title='bbox 125 1575 255 1630; x_wconf 82' lang='lat' dir='ltr'>Imperatore.</span> <span class='ocrx_word' id='word_1_118' title='bbox 275 1576 304 1616; x_wconf 78' lang='lat' dir='ltr'>Ex</span> <span class='ocrx_word' id='word_1_119' title='bbox 314 1573 354 1618; x_wconf 88' lang='lat' dir='ltr'>hao</span> <span class='ocrx_word' id='word_1_120' title='bbox 368 1583 437 1617; x_wconf 85' lang='lat' dir='ltr'>tamen</span> <span class='ocrx_word' id='word_1_121' title='bbox 451 1575 542 1618; x_wconf 76' lang='lat' dir='ltr'>Gfroreri</span> <span class='ocrx_word' id='word_1_122' title='bbox 555 1577 709 1623; x_wconf 76' lang='lat' dir='ltr'>ratiocinatione</span> 
     </span>
     <span class='ocr_line' id='line_1_19' title="bbox 55 1650 708 1712; baseline 0.008 -20.55"><span class='ocrx_word' id='word_1_123' title='bbox 55 1651 98 1692; x_wconf 84' lang='lat' dir='ltr'>fere</span> <span class='ocrx_word' id='word_1_124' title='bbox 106 1650 200 1701; x_wconf 79' lang='lat' dir='ltr'>efficiam,</span> <span class='ocrx_word' id='word_1_125' title='bbox 208 1651 275 1692; x_wconf 79' lang='lat' dir='ltr'>virum</span> <span class='ocrx_word' id='word_1_126' title='bbox 282 1650 311 1693; x_wconf 83' lang='lat' dir='ltr'>Gl.</span> <span class='ocrx_word' id='word_1_127' title='bbox 319 1650 374 1692; x_wconf 83' lang='lat' dir='ltr'>haud</span> <span class='ocrx_word' id='word_1_128' title='bbox 382 1657 477 1693; x_wconf 84' lang='lat' dir='ltr'>accurate</span> <span class='ocrx_word' id='word_1_129' title='bbox 484 1652 548 1694; x_wconf 88' lang='lat' dir='ltr'>Ezrae</span> <span class='ocrx_word' id='word_1_130' title='bbox 558 1652 636 1695; x_wconf 89' lang='lat' dir='ltr'>librum</span> <span class='ocrx_word' id='word_1_131' title='bbox 648 1655 708 1712; x_wconf 85' lang='lat' dir='ltr'>legis-</span> 
     </span>
     <span class='ocr_line' id='line_1_20' title="bbox 0 1723 708 1780; baseline 0.01 -14"><span class='ocrx_word' id='word_1_132' title='bbox 0 1728 7 1766; x_wconf 69' lang='grc' dir='ltr'>ἶ</span> <span class='ocrx_word' id='word_1_133' title='bbox 57 1741 86 1767; x_wconf 87' lang='lat' dir='ltr'>se:</span> <span class='ocrx_word' id='word_1_134' title='bbox 105 1739 164 1775; x_wconf 86' lang='lat' dir='ltr'>nam,</span> <span class='ocrx_word' id='word_1_135' title='bbox 178 1739 205 1766; x_wconf 91' lang='lat' dir='ltr'>ne</span> <span class='ocrx_word' id='word_1_136' title='bbox 219 1725 286 1767; x_wconf 90' lang='lat' dir='ltr'>dicam</span> <span class='ocrx_word' id='word_1_137' title='bbox 302 1723 327 1767; x_wconf 89' lang='lat' dir='ltr'>de</span> <span class='ocrx_word' id='word_1_138' title='bbox 343 1725 420 1780; x_wconf 90' lang='lat' dir='ltr'>templo</span> <span class='ocrx_word' id='word_1_139' title='bbox 436 1725 569 1778; x_wconf 88' lang='lat' dir='ltr'>Salomoneo,</span> <span class='ocrx_word' id='word_1_140' title='bbox 583 1727 708 1773; x_wconf 86' lang='lat' dir='ltr'>Iudaeorum</span> 
     </span>
     <span class='ocr_line' id='line_1_21' title="bbox 56 1798 712 1861; baseline 0.013 -18.292"><span class='ocrx_word' id='word_1_141' title='bbox 56 1801 120 1843; x_wconf 89' lang='lat' dir='ltr'>menti</span> <span class='ocrx_word' id='word_1_142' title='bbox 132 1814 212 1856; x_wconf 90' lang='lat' dir='ltr'>semper</span> <span class='ocrx_word' id='word_1_143' title='bbox 219 1798 345 1852; x_wconf 86' lang='lat' dir='ltr'>inhaerente,</span> <span class='ocrx_word' id='word_1_144' title='bbox 358 1800 472 1843; x_wconf 89' lang='lat' dir='ltr'>tenendum</span> <span class='ocrx_word' id='word_1_145' title='bbox 484 1809 520 1854; x_wconf 88' lang='lat' dir='ltr'>est,</span> <span class='ocrx_word' id='word_1_146' title='bbox 528 1805 665 1861; x_wconf 87' lang='lat' dir='ltr'>praecipuum</span> <span class='ocrx_word' id='word_1_147' title='bbox 673 1822 712 1851; x_wconf 70' lang='lat' dir='ltr'>au·-v</span> 
     </span>
     <span class='ocr_line' id='line_1_22' title="bbox 71 1876 707 1936; baseline 0.009 -17"><span class='ocrx_word' id='word_1_148' title='bbox 71 1884 179 1919; x_wconf 91' lang='lat' dir='ltr'>umentum</span> <span class='ocrx_word' id='word_1_149' title='bbox 189 1876 282 1934; x_wconf 89' lang='lat' dir='ltr'>priorum</span> <span class='ocrx_word' id='word_1_150' title='bbox 293 1877 384 1934; x_wconf 87' lang='lat' dir='ltr'>capitum</span> <span class='ocrx_word' id='word_1_151' title='bbox 396 1892 438 1920; x_wconf 88' lang='lat' dir='ltr'>esse</span> <span class='ocrx_word' id='word_1_152' title='bbox 448 1876 473 1920; x_wconf 90' lang='lat' dir='ltr'>de</span> <span class='ocrx_word' id='word_1_153' title='bbox 481 1893 513 1929; x_wconf 89' lang='lat' dir='ltr'>eo,</span> <span class='ocrx_word' id='word_1_154' title='bbox 521 1891 590 1936; x_wconf 84' lang='lat' dir='ltr'>qnare·</span> <span class='ocrx_word' id='word_1_155' title='bbox 596 1880 707 1936; x_wconf 72' lang='lat' dir='ltr'>israelitae,</span> 
     </span>
     <span class='ocr_line' id='line_1_23' title="bbox 71 1953 708 2009; baseline 0.013 -15"><span class='ocrx_word' id='word_1_156' title='bbox 71 1953 145 2009; x_wconf 92' lang='lat' dir='ltr'>opulus</span> <span class='ocrx_word' id='word_1_157' title='bbox 159 1968 171 1996; x_wconf 83' lang='lat' dir='ltr'>a</span> <span class='ocrx_word' id='word_1_158' title='bbox 183 1954 226 1995; x_wconf 84' lang='lat' dir='ltr'>Deo</span> <span class='ocrx_word' id='word_1_159' title='bbox 238 1953 324 2005; x_wconf 88' lang='lat' dir='ltr'>electus,</span> <span class='ocrx_word' id='word_1_160' title='bbox 332 1955 355 1996; x_wconf 94' lang='lat' dir='ltr'>in</span> <span class='ocrx_word' id='word_1_161' title='bbox 362 1953 476 1997; x_wconf 84' lang='lat' dir='ltr'>Gentilium</span> <span class='ocrx_word' id='word_1_162' title='bbox 486 1970 559 1999; x_wconf 86' lang='lat' dir='ltr'>manus</span> <span class='ocrx_word' id='word_1_163' title='bbox 570 1956 638 2000; x_wconf 85' lang='lat' dir='ltr'>traditi</span> <span class='ocrx_word' id='word_1_164' title='bbox 650 1960 708 2002; x_wconf 80' lang='lat' dir='ltr'>sint?</span> 
     </span>
     <span class='ocr_line' id='line_1_24' title="bbox 57 2028 706 2089; baseline 0.014 -19"><span class='ocrx_word' id='word_1_165' title='bbox 57 2028 116 2081; x_wconf 85' lang='lat' dir='ltr'>Quae</span> <span class='ocrx_word' id='word_1_166' title='bbox 123 2029 215 2084; x_wconf 81' lang='lat' dir='ltr'>quaestio</span> <span class='ocrx_word' id='word_1_167' title='bbox 222 2029 315 2086; x_wconf 89' lang='lat' dir='ltr'>quinque</span> <span class='ocrx_word' id='word_1_168' title='bbox 320 2030 423 2086; x_wconf 85' lang='lat' dir='ltr'>prioribus</span> <span class='ocrx_word' id='word_1_169' title='bbox 429 2030 486 2083; x_wconf 88' lang='lat' dir='ltr'>locis,</span> <span class='ocrx_word' id='word_1_170' title='bbox 491 2047 503 2075; x_wconf 86' lang='lat' dir='ltr'>a</span> <span class='ocrx_word' id='word_1_171' title='bbox 509 2033 606 2076; x_wconf 83' lang='lat' dir='ltr'>Gfro&#39;rero</span> <span class='ocrx_word' id='word_1_172' title='bbox 614 2033 706 2089; x_wconf 84' lang='lat' dir='ltr'>laudatis,</span> 
     </span>
     <span class='ocr_line' id='line_1_25' title="bbox 68 2103 707 2159; baseline 0.017 -15"><span class='ocrx_word' id='word_1_173' title='bbox 68 2103 162 2159; x_wconf 88' lang='lat' dir='ltr'>epetitur,</span> <span class='ocrx_word' id='word_1_174' title='bbox 185 2113 205 2147; x_wconf 87' lang='lat' dir='ltr'>at</span> <span class='ocrx_word' id='word_1_175' title='bbox 220 2106 262 2148; x_wconf 90' lang='lat' dir='ltr'>solo</span> <span class='ocrx_word' id='word_1_176' title='bbox 277 2108 300 2147; x_wconf 90' lang='lat'>7⁰</span> <span class='ocrx_word' id='word_1_177' title='bbox 322 2107 368 2150; x_wconf 90' lang='lat' dir='ltr'>loco</span> <span class='ocrx_word' id='word_1_178' title='bbox 384 2116 510 2151; x_wconf 85' lang='lat' dir='ltr'>memoratur</span> <span class='ocrx_word' id='word_1_179' title='bbox 526 2109 650 2155; x_wconf 81' lang='lat' dir='ltr'>Indaeorum</span> <span class='ocrx_word' id='word_1_180' title='bbox 669 2114 707 2155; x_wconf 87' lang='lat' dir='ltr'>tri-</span> 
     </span>
     <span class='ocr_line' id='line_1_26' title="bbox 65 2162 708 2240; baseline 0.019 -18"><span class='ocrx_word' id='word_1_181' title='bbox 65 2181 119 2232; x_wconf 78' lang='lat' dir='ltr'>titia3</span> <span class='ocrx_word' id='word_1_182' title='bbox 128 2162 170 2223; x_wconf 83' lang='lat' dir='ltr'>noir</span> <span class='ocrx_word' id='word_1_183' title='bbox 184 2181 248 2240; x_wconf 82' lang='lat' dir='ltr'>igitur</span> <span class='ocrx_word' id='word_1_184' title='bbox 259 2182 298 2225; x_wconf 90' lang='lat' dir='ltr'>nisi</span> <span class='ocrx_word' id='word_1_185' title='bbox 306 2185 328 2226; x_wconf 82' lang='lat'>6⁰</span> <span class='ocrx_word' id='word_1_186' title='bbox 337 2184 382 2227; x_wconf 86' lang='lat' dir='ltr'>loco</span> <span class='ocrx_word' id='word_1_187' title='bbox 395 2184 451 2227; x_wconf 90' lang='lat' dir='ltr'>urhis</span> <span class='ocrx_word' id='word_1_188' title='bbox 465 2193 546 2229; x_wconf 91' lang='lat' dir='ltr'>sanctae</span> <span class='ocrx_word' id='word_1_189' title='bbox 561 2188 620 2231; x_wconf 80' lang='lat' dir='ltr'>ruina</span> <span class='ocrx_word' id='word_1_190' title='bbox 629 2189 708 2234; x_wconf 89' lang='lat' dir='ltr'>indica·</span> 
     </span>
     <span class='ocr_line' id='line_1_27' title="bbox 65 2258 708 2324; baseline 0.017 -25"><span class='ocrx_word' id='word_1_191' title='bbox 65 2272 101 2309; x_wconf 90' lang='lat' dir='ltr'>ur,</span> <span class='ocrx_word' id='word_1_192' title='bbox 111 2271 180 2314; x_wconf 88' lang='lat' dir='ltr'>neque</span> <span class='ocrx_word' id='word_1_193' title='bbox 191 2258 213 2301; x_wconf 89' lang='lat' dir='ltr'>id</span> <span class='ocrx_word' id='word_1_194' title='bbox 224 2258 249 2302; x_wconf 89' lang='lat' dir='ltr'>de</span> <span class='ocrx_word' id='word_1_195' title='bbox 261 2258 368 2312; x_wconf 68' lang='lat' dir='ltr'>industrii,</span> <span class='ocrx_word' id='word_1_196' title='bbox 384 2267 404 2324; x_wconf 83' lang='lat' dir='ltr'>et</span> <span class='ocrx_word' id='word_1_197' title='bbox 413 2261 477 2304; x_wconf 72' lang='lat' dir='ltr'>invite</span> <span class='ocrx_word' id='word_1_198' title='bbox 484 2263 549 2305; x_wconf 78' lang='lat' dir='ltr'>veluti</span> <span class='ocrx_word' id='word_1_199' title='bbox 560 2263 661 2318; x_wconf 83' lang='lat' dir='ltr'>oratione,</span> <span class='ocrx_word' id='word_1_200' title='bbox 672 2267 708 2310; x_wconf 92' lang='lat' dir='ltr'>sed</span> 
     </span>
     <span class='ocr_line' id='line_1_28' title="bbox 66 2332 707 2386; baseline 0.014 -11.066"><span class='ocrx_word' id='word_1_201' title='bbox 66 2332 183 2376; x_wconf 91' lang='lat' dir='ltr'>olummodo</span> <span class='ocrx_word' id='word_1_202' title='bbox 199 2334 224 2377; x_wconf 89' lang='lat' dir='ltr'>ad</span> <span class='ocrx_word' id='word_1_203' title='bbox 240 2336 385 2380; x_wconf 80' lang='lat' dir='ltr'>consolandam</span> <span class='ocrx_word' id='word_1_204' title='bbox 397 2337 507 2381; x_wconf 88' lang='lat' dir='ltr'>mulierem</span> <span class='ocrx_word' id='word_1_205' title='bbox 516 2338 627 2384; x_wconf 88' lang='lat' dir='ltr'>dolentem.</span> <span class='ocrx_word' id='word_1_206' title='bbox 644 2343 707 2386; x_wconf 88' lang='lat' dir='ltr'>Omni</span> 
     </span>
     <span class='ocr_line' id='line_1_29' title="bbox 55 2408 706 2477; baseline 0.02 -26.909"><span class='ocrx_word' id='word_1_207' title='bbox 55 2408 119 2472; x_wconf 83' lang='lat' dir='ltr'>igitur</span> <span class='ocrx_word' id='word_1_208' title='bbox 133 2410 153 2452; x_wconf 85' lang='lat' dir='ltr'>vi</span> <span class='ocrx_word' id='word_1_209' title='bbox 169 2410 265 2455; x_wconf 86' lang='lat' dir='ltr'>destituta</span> <span class='ocrx_word' id='word_1_210' title='bbox 276 2420 305 2455; x_wconf 89' lang='lat' dir='ltr'>est</span> <span class='ocrx_word' id='word_1_211' title='bbox 316 2428 402 2471; x_wconf 83' lang='lat' dir='ltr'>sequens</span> <span class='ocrx_word' id='word_1_212' title='bbox 413 2414 504 2458; x_wconf 84' lang='lat' dir='ltr'>Glro&#39;reri</span> <span class='ocrx_word' id='word_1_213' title='bbox 511 2415 644 2471; x_wconf 82' lang='lat' dir='ltr'>ratiocinatio,</span> <span class='ocrx_word' id='word_1_214' title='bbox 653 2434 706 2477; x_wconf 89' lang='lat' dir='ltr'>quae</span> 
     </span>
     <span class='ocr_line' id='line_1_30' title="bbox 56 2483 706 2550; baseline 0.02 -22.89"><span class='ocrx_word' id='word_1_215' title='bbox 56 2483 119 2527; x_wconf 84' lang='lat' dir='ltr'>hacce</span> <span class='ocrx_word' id='word_1_216' title='bbox 131 2488 215 2543; x_wconf 88' lang='lat' dir='ltr'>septies,</span> <span class='ocrx_word' id='word_1_217' title='bbox 231 2495 255 2530; x_wconf 95' lang='lat' dir='ltr'>ut</span> <span class='ocrx_word' id='word_1_218' title='bbox 267 2489 307 2541; x_wconf 86' lang='lat' dir='ltr'>ait,</span> <span class='ocrx_word' id='word_1_219' title='bbox 322 2490 436 2534; x_wconf 71' lang='lat' dir='ltr'>memorate</span> <span class='ocrx_word' id='word_1_220' title='bbox 449 2491 601 2550; x_wconf 78' lang='lat' dir='ltr'>Hierosolymae</span> <span class='ocrx_word' id='word_1_221' title='bbox 613 2494 706 2541; x_wconf 80' lang='lat' dir='ltr'>devasta-</span> 
     </span>
     <span class='ocr_line' id='line_1_31' title="bbox 56 2561 705 2627; baseline 0.023 -24.729"><span class='ocrx_word' id='word_1_222' title='bbox 56 2561 112 2603; x_wconf 88' lang='lat' dir='ltr'>tione</span> <span class='ocrx_word' id='word_1_223' title='bbox 123 2565 212 2608; x_wconf 74' lang='lat' dir='ltr'>maxime</span> <span class='ocrx_word' id='word_1_224' title='bbox 225 2564 303 2608; x_wconf 87' lang='lat' dir='ltr'>nititur.</span> <span class='ocrx_word' id='word_1_225' title='bbox 325 2567 359 2610; x_wconf 86' lang='lat' dir='ltr'>Sic</span> <span class='ocrx_word' id='word_1_226' title='bbox 374 2569 430 2610; x_wconf 89' lang='lat' dir='ltr'>enim</span> <span class='ocrx_word' id='word_1_227' title='bbox 441 2568 520 2627; x_wconf 83' lang='lat' dir='ltr'>pergit:</span> <span class='ocrx_word' id='word_1_228' title='bbox 533 2569 550 2611; x_wconf 90' lang='lat' dir='ltr'>si</span> <span class='ocrx_word' id='word_1_229' title='bbox 562 2570 612 2614; x_wconf 88' lang='lat' dir='ltr'>urbs</span> <span class='ocrx_word' id='word_1_230' title='bbox 624 2581 705 2625; x_wconf 83' lang='lat' dir='ltr'>sancta,</span> 
     </span>
     <span class='ocr_line' id='line_1_32' title="bbox 56 2638 704 2707; baseline 0.02 -27.886"><span class='ocrx_word' id='word_1_231' title='bbox 56 2650 110 2693; x_wconf 87' lang='lat' dir='ltr'>quae</span> <span class='ocrx_word' id='word_1_232' title='bbox 123 2638 185 2683; x_wconf 85' lang='lat' dir='ltr'>Ezrae</span> <span class='ocrx_word' id='word_1_233' title='bbox 201 2641 273 2702; x_wconf 67' lang='lat' dir='ltr'><strong>(QX.)</strong></span> <span class='ocrx_word' id='word_1_234' title='bbox 289 2643 407 2696; x_wconf 86' lang='lat' dir='ltr'>ostenditur,</span> <span class='ocrx_word' id='word_1_235' title='bbox 421 2646 446 2688; x_wconf 91' lang='lat' dir='ltr'>sit</span> <span class='ocrx_word' id='word_1_236' title='bbox 460 2646 552 2689; x_wconf 89' lang='lat' dir='ltr'>coelestis</span> <span class='ocrx_word' id='word_1_237' title='bbox 559 2647 704 2707; x_wconf 82' lang='lat' dir='ltr'>Hierosolyma,</span> 
     </span>
     <span class='ocr_line' id='line_1_33' title="bbox 55 2719 704 2782; baseline 0.024 -26.672"><span class='ocrx_word' id='word_1_238' title='bbox 55 2727 136 2757; x_wconf 85' lang='lat' dir='ltr'>necesse</span> <span class='ocrx_word' id='word_1_239' title='bbox 156 2723 196 2768; x_wconf 86' lang='lat' dir='ltr'>est,</span> <span class='ocrx_word' id='word_1_240' title='bbox 217 2719 368 2777; x_wconf 85' lang='lat' dir='ltr'>Hierosolymae</span> <span class='ocrx_word' id='word_1_241' title='bbox 388 2721 498 2768; x_wconf 81' lang='lat' dir='ltr'>devastatio</span> <span class='ocrx_word' id='word_1_242' title='bbox 517 2724 643 2782; x_wconf 83' lang='lat' dir='ltr'>significetur</span> <span class='ocrx_word' id='word_1_243' title='bbox 657 2727 704 2780; x_wconf 83' lang='lat' dir='ltr'>illa,</span> 
     </span>
    </p>
   </div>
   <div class='ocr_carea' id='block_1_3' title="bbox 0 0 884 3351">
    <p class='ocr_par' dir='ltr' id='par_1_3' title="bbox 0 0 884 3351">
     <span class='ocr_line' id='line_1_34' title="bbox 0 0 884 3351; baseline 0 1"><span class='ocrx_word' id='word_1_244' title='bbox 0 0 884 3351; x_wconf 95' lang='lat' dir='ltr'> </span> 
     </span>
    </p>
   </div>
  </div>
 </body>
</html>
