1758 3351
357 224 396 265 177
460 234 462 238 ·

45 360 58 399 3
80 353 181 410 capitum,
200 350 315 407 imperim.
347 349 369 390 Si
384 347 448 404 igitur
463 344 539 396 12,alis
551 341 694 401 significentur

44 433 177 487 Imperatores
194 426 294 478 Romani,
315 424 367 482 fiber
383 422 484 467 conscribi
499 420 555 465 haud
568 419 636 477 potuit
649 425 696 461 ante

44 504 135 557 medium
151 504 184 547 rel
199 503 263 545 finem
278 501 343 545 seculi
357 503 377 543 2÷
388 514 410 557 p.
427 499 449 542 C.
464 513 486 541 u.

71 580 199 640 Perlustratis
216 579 279 640 igitur
290 576 409 628 Laurencii,
425 573 499 618 Luekii
512 580 533 621 et
546 571 638 615 Gsro'reri
651 571 695 627 opi-

42 658 148 710 nionibus,
163 663 225 700 restat
233 654 323 710 tandem,
334 661 359 696 ut
369 659 458 696 nostram
466 650 635 709 qualemcunque
647 648 695 704 opi-

43 737 127 778 nionem
136 734 270 792 proferamus.
292 730 386 784 Primum
397 727 503 787 videamus
517 722 695 789 deauctorelibri.

72 811 131 865 Quae
144 808 194 866 alii,
216 806 311 864 inprimis
325 803 484 862 Laurenciuset
496 801 602 862 Liiclrius‚v
617 799 642 843 de
656 798 696 843 hac

42 877 163 946 quaestione>
179 871 262 942 egregie
270 882 316 939 jam
330 882 474 939 observarunt,
488 878 577 930 faciunt,
589 884 614 920 ut
630 876 656 919 de
671 874 695 917 ed

41 964 112 1005 breves
127 975 171 1014 esse
186 960 293 1017 possimus.
321 954 434 1000 Auctorem
447 955 619 999 enimtudaeum
632 952 696 995 fuisse

41 1017 90 1081 luce
104 1036 179 1079 clarius
193 1043 223 1079 est
239 1033 277 1095 (1);
297 1033 465 1091 sediquecritur,
480 1045 533 1073 num
545 1030 568 1073 iu
582 1026 697 1072 Palaestino

41 1112 119 1165 vixerit,
127 1127 154 1155 au
159 1127 208 1166 vero
213 1111 337 1169 indegypto.
344 1108 506 1157 Difficillimaest
511 1105 588 1150 haecce
594 1103 695 1162 quaestio,

42 1183 90 1231 nam
102 1188 125 1230 in
139 1187 183 1245 ipso
190 1186 315 1245 libro—nulla
322 1185 366 1227 fere
376 1183 461 1242 vestigia
469 1188 590 1232 occurrunt,
602 1178 696 1237 equibus

41 1264 74 1306 vel
84 1278 122 1319 pro
135 1262 182 1314 hac,
194 1262 227 1305 rel
238 1276 276 1317 pro
284 1260 321 1303 illa
333 1257 442 1309 sententiat,
452 1258 500 1299 satis
511 1263 567 1299 certa
574 1261 699 1313 argumenta

42 1338 90 1381 duci
101 1345 197 1397 possunt
218 1337 269 1393 Veri
286 1343 356 1378 tamen
368 1332 456 1376 similius
471 1326 523 1376 mihi
537 1330 630 1382 videtur,
647 1344 698 1373 auc-

41 1422 107 1473 torem
119 1398 241 1469 inA-egypto
251 1410 329 1452 vixisse.
343 1410 384 1451 Pro
394 1408 437 1465 qud
446 1407 548 1450 sententiis
558 1406 635 1451 militat
644 1414 697 1449 tem-

41 1469 95 1545 poris
108 1472 244 1543 computatio,
260 1499 314 1542 quae
330 1485 353 1526 in
369 1484 428 1543 Versr
442 1482 537 1540 Aethiop.
555 1489 575 1524 et
587 1482 650 1525 Arae.
671 1482 698 1525 ad
750 1475 753 1481 ¹

38 1546 169 1618 'finemylibri
187 1561 271 1619 legitur3
294 1560 316 1601 in
337 1558 517 1615 Latindquidem
534 1557 601 1610 deest,
623 1572 697 1600 verum

41 1638 116 1680 seriore
128 1637 213 1680 demum
222 1644 314 1693 tempore
331 1634 410 1679 camin
425 1633 465 1677 hac
481 1634 575 1677 omissam
590 1649 633 1676 esse
648 1634 697 1681 nul-

41 1714 87 1755 lum
98 1720 127 1755 est
140 1712 227 1754 dubium
239 1711 281 1771 (cff.
299 1726 353 1768 quae
365 1726 387 1767 p.
403 1712 432 1753 74
441 1696 545 1768 diximus).
560 1710 586 1752 In
593 1710 618 1752 iis
625 1717 695 1754 autem

41 1795 123 1844 tempus
138 1793 268 1843 computatur
287 1786 361 1829 iudea
375 1792 444 1828 creato
460 1783 539 1828 mundo
549 1792 570 1827 et
582 1800 620 1842 per
632 1800 696 1829 annos

43 1861 185 1916 sahharhieos;
202 1876 255 1920 quae
272 1861 407 1920 computandi
427 1861 479 1904 ratio
500 1861 524 1905 in
541 1862 604 1904 Sacro
622 1861 698 1906 Codice

44 1953 87 1981 non
101 1938 200 1990 occurrit3
215 1953 285 1996 neque
297 1938 319 1990 in
332 1937 444 1989 Talmude,
457 1943 561 1994 quantum
574 1944 630 1980 certe
643 1937 697 1981 mihi

45 2021 124 2057 constat
135 2018 252 2071 usurpatur.
273 2014 348 2057 Contra
359 2014 432 2058 Iudaei
445 2013 604 2057 Palaestinenses
613 2021 695 2076 tempus

64 2146 90 2194 (1)
101 2143 184 2193 cuque
195 2149 289 2181 Laurentius
302 2155 318 2180 et
327 2148 395 2181 tectius
403 2149 431 2181 hac
442 2148 462 2182 de
473 2161 490 2182 re
502 2156 606 2193 monuerunt3
618 2161 649 2182 nou
656 2161 695 2195 opus

42 2212 114 2243 duximus
120 2217 198 2254 repetere,
205 2222 244 2256 quae
254 2209 282 2242 olii
292 2216 335 2242 reete
340 2211 374 2253 jam
381 2211 530 2255 animadverterunt,
537 2217 554 2243 et
563 2211 628 2255 quihus,
635 2213 649 2244 si
656 2224 695 2257 opus

42 2280 90 2317 esset,
97 2273 160 2305 fortasse
170 2273 216 2317 plura
223 2271 260 2305 eddi
269 2279 343 2317 possent5
352 2272 381 2305 hoc
392 2285 440 2306 unum
450 2285 513 2306 monere
522 2268 602 2318 conteuti,
614 2281 694 2308 auctorem

42 2337 91 2379 ipsum
96 2336 123 2381 (G.
132 2335 178 2369 XIII.
191 2337 214 2374 ὅθ
225 2337 245 2369 V.
258 2334 300 2381 Lat.)
312 2341 365 2379 aperte
373 2335 438 2378 docere,
450 2337 522 2369 nessiam
530 2336 620 2371 homiuibus
630 2348 695 2383 uonap·

41 2408 105 2442 parere,
116 2398 147 2431 nisi
155 2397 209 2430 ultimi
219 2397 276 2440 judicii
285 2404 363 2442 tempore:
376 2400 438 2441 roganti
450 2400 491 2442 enim
502 2401 559 2444 Ezrae,
572 2412 621 2445 quare
629 2402 654 2434 vir
666 2400 695 2433 ille

42 2471 51 2490 e
61 2459 112 2492 medio
125 2461 164 2494 mari
171 2459 279 2502 adscenderit,
291 2459 375 2507 respondet
386 2460 463 2504 Angelus,
477 2462 530 2494 »sicut
536 2473 568 2496 non
574 2470 618 2506 potes
624 2462 662 2496 haec
669 2463 695 2495 vel

42 2522 137 2555 »scrutinari
145 2523 171 2556 vel
181 2523 227 2569 seire,
238 2530 322 2568 quaesunt
330 2525 349 2557 in
360 2522 501 2568 profundentes,
511 2525 533 2557 sic
543 2536 577 2570 non
587 2511 648 2570 poterit
659 2527 694 2571 quis

43 2592 100 2626 »super
109 2589 166 2617 terrem
176 2585 228 2618 videre
236 2585 287 2618 filium
294 2597 346 2620 meum
351 2598 385 2632 sqq.
398 2588 422 2619 Er
434 2586 490 2632 quihus
497 2593 549 2633 patet,
557 2594 636 2621 auctorem
644 2588 695 2621 adhue

42 2646 220 2687 »exspectare'IIessiam
227 2673 237 2693 ‚h
245 2648 311 2694 ideoque
324 2650 372 2695 hunc,
384 2649 469 2684 secundum
477 2651 510 2684 eius
518 2652 618 2695 sententiam,
625 2650 693 2684 nondum

44 2708 137 2750 apparuisse.
493 2707 495 2710 ”
667 2698 669 2701 r

580 2778 606 2820 12
