1758 3351
353 257 377 296 17

41 384 94 424 tione
115 377 141 423 cf.
159 382 223 435 Apoc.
243 377 287 421 Job.
308 378 343 424 VI.
355 376 401 427 '11‚
422 384 441 417 et
461 377 487 418 ΙΙ.
506 375 691 433 43-45si11gufis

40 448 218 511 eorum'eapitibus
229 455 308 512 imponi
319 466 403 497 coronas
411 466 422 494 a
427 451 511 507 jurene,
519 444 594 495 staturi
602 452 693 502 excelso,

39 534 60 574 in
80 515 151 574 inediis
170 530 195 572 iis
210 538 286 581 stante,
303 530 329 572 cf.
347 524 566 585 rimarentur.
593 527 692 570 Similiter

39 608 83 652 XV.
106 611 119 651 8
138 621 176 663 per
194 607 322 664 sanguinem
341 606 455 646 innoxiam
474 601 589 659 intelligere
609 603 691 645 videtui

38 686 167 742 sanguinem
186 687 320 737 martyram,
343 680 368 721 de
388 678 463 736 quibus
486 691 553 719 sermo
577 684 606 719 est
626 677 691 734 Apoc.

38 758 83 802 Joh.
96 759 131 805 VI.
146 761 170 811 93
187 771 241 813 quae
252 756 302 801 XV.'
314 757 355 805 13,
373 756 402 797 40
414 752 526 804 desidere
539 753 580 795 ilio
595 753 692 796 terribili

38 833 151 882 habentur,
172 832 264 887 conferri
273 837 359 887 possunt
374 845 422 873 eum
437 830 503 886 Apoc.
517 827 563 873 Joh.
578 829 634 877 VIII.
651 831 690 883 103

38 917 99 965 atque
107 908 153 954 X'V.
164 910 192 950 25
203 906 262 950 valde
275 906 370 949 convenit
383 920 431 948 eum
444 908 475 947 2¹¹
485 906 548 962 Epist.
561 905 587 948 ad
600 904 691 950 Corinth.

38 987 73 1031 VT.
89 988 122 1029 17.

1 1069 3 1079 ²
67 1062 147 1103 Haecce
163 1061 229 1115 capita
245 1058 306 1102 etiam
325 1073 336 1099 e
355 1059 435 1102 Graeco
453 1060 511 1101 fonte
528 1057 622 1108 fluxisse,
646 1063 694 1099 ute

37 1133 144 1178 vocabulis
158 1133 209 1185 illis,
231 1133 387 1185 nodositatis,
409 1135 454 1191 jam
468 1133 574 1191 probabile
588 1132 707 1183 redditur,¹
744 1160 748 1166 ·

37 1212 64 1254 ita
78 1209 212 1253 confirmatur
225 1209 286 1252 etiarn
300 1209 344 1252 aliis
356 1210 447 1253 indiciis:
460 1210 477 1252 Ι.
492 1210 692 1268 1001οἕ00000-

37 1284 91 1327 bilia
103 1284 154 1342 feei
171 1286 195 1326 ia
213 1285 271 1327 cabis
286 1283 331 1340 (Gr.
346 1287 368 1329 ἒν
380 1283 437 1342 ὑμῖν)
453 1300 492 1342 pro
504 1287 564 1326 inter
577 1299 622 1327 aas.
634 1284 651 1328 I.
664 1286 692 1327 23

1 1375 8 1433 i
37 1359 120 1402 retinuit
135 1360 235 1403 Graecam
254 1358 523 1417 000001·β10οφημίαν.’1.
539 1362 566 1403 31
587 1353 693 1416 νεομηῶίαν

36 1450 74 1490 pro
87 1436 257 1479 accitaniumsl.
277 1439 305 1478 29
320 1435 443 1491 praepositio
457 1437 484 1475 z'n
498 1434 520 1478 b.
531 1436 546 1477 l.
556 1442 629 1492 quater
643 1448 692 1476 cum
724 1487 726 1490 .

1 1494 8 1575 Ξ
37 1511 150 1554 accusativo
161 1509 297 1560 construitur,
310 1523 364 1565 quae
378 1506 460 1550 dicendi
473 1508 525 1551 ratio
541 1510 626 1567 egregie
640 1524 692 1552 con-

1 1572 9 1634 Ξ
36 1573 158 1628 0001100111
171 1598 210 1625 usu
219 1578 378 1638 ‘praepositionis
394 1585 421 1634 εἰς
436 1583 491 1639 apud
508 1585 609 1638 Graecam
624 1585 691 1629 Latini

1 1653 10 1722 Ξ
36 1675 85 1702 vero
103 1660 126 1701 in
142 1659 178 1701 teli
201 1657 353 1701 constructione
369 1659 584 1715 usurpant'dativum.
598 1661 644 1706 XV.
663 1664 688 1704 11

1 1724 12 1803 Ξ
36 1738 60 1777 ia
80 1748 146 1777 mana
156 1735 244 1792 potenti
261 1748 299 1789 pro
313 1748 359 1792 per
375 1748 463 1777 marram
477 1725 602 1793 potentem
616 1737 692 1781 Graeci

1 1801 13 1866 3?
37 1819 105 1854 tamen
119 1810 148 1853 sic
159 1817 259 1866 usurpant
272 1809 444 1866 praepositionem
459 1813 494 1856 ia·
502 1813 548 1857 XV.
558 1814 584 1855 13
600 1813 627 1855 de
643 1828 702 1856 cere,

37 1903 52 1930 a
67 1901 105 1944 pro
123 1884 214 1943 deficere
226 1891 323 1944 propter
340 1886 403 1929 refert
420 1887 525 1931 Graecum
536 1888 632 1931 ἐλλείπειν
645 1887 692 1933 ἀπό,

0 1951 5 1967 ’
77 1996 81 2006 .
103 1964 130 2004 47
142 1963 245 2021 gloriari
258 1965 282 2004 io
294 1964 428 2006 amatoribus
439 1963 507 2021 *spirat
521 1965 624 2007 Graecum
641 1982 690 2009 rac-

79 2041 118 2081 θαι
135 2038 170 2090 ἐπί
181 2042 223 2089 τοῖς
235 2040 334 2092 ἐρασταῖς.
353 2041 398 2085 XV.
414 2043 439 2083 11
453 2041 557 2085 inducere
569 2042 640 2084 atz'cai
652 2056 691 2098 pro

0 2136 16 2175 Ξ
37 2129 107 2174 saper
121 2116 216 2176 aliquem
229 2117 292 2158 refert
301 2117 338 2160 Gr.
352 2116 448 2176 εἰσφέρειν
457 2118 497 2162 τινί
503 2120 528 2163 τί.
542 2117 638 2177 Denique
643 2120 690 2166 XV.

1 2194 14 2232 ¹
39 2193 65 2234 19
80 2189 181 2248 dropdar,
197 2192 253 2250 quod
267 2191 297 2235 ihi
310 2193 431 2237 occurrebat
445 2193 529 2237 notione
546 2196 691 2248 devastandi,

38 2264 125 2308 reddidit
148 2268 269 2311 verbotenus
287 2270 379 2312 irritam
396 2270 489 2329 facere,
510 2270 624 2329 eodemque
645 2273 692 2316 loco

1 2384 9 2406 Ξ
37 2354 108 2384 rocem
121 2341 244 2397 ὑπόστασις,
262 2359 315 2402 quae
328 2345 358 2388 ibi
375 2347 496 2389 occurrebat
509 2347 594 2389 notione
608 2349 691 2403 actus,
736 2381 737 2384 η
811 2341 829 2346 '¹

37 2416 124 2461 reddidit
137 2419 279 2463 substantias.
297 2421 343 2465 Nec
352 2421 427 2465 desunt
437 2422 460 2465 iu
475 2422 506 2465 his
520 2423 621 2480 capitibus
633 2439 692 2468 voca·

1 2484 13 2562 Ξ
38 2491 93 2544 bida,
110 2508 163 2551 quae
179 2495 280 2553 exipsius
295 2497 412 2555 interpretis
427 2499 511 2557 ingenio
526 2499 614 2544 fortassis
625 2501 691 2559 origi·
742 2528 744 2530 -

2 2578 21 2636 Ξ
38 2580 86 2607 nem
106 2568 222 2625 duxerunt,
247 2572 315 2630 qualia
333 2576 384 2617 sunt
398 2575 444 2619 XV.
461 2576 488 2618 16
503 2576 688 2628 inconstabiliter,

1 2635 11 2668 1³.
51 2648 59 2682 t
73 2641 117 2686 XV.
134 2649 325 2693 anastasiana.

82 2732 130 2762 ausa
145 2730 226 2775 autem,
244 2727 270 2770 ob
285 2741 349 2784 quam
363 2726 414 2770 haec
430 2727 496 2786 capite
511 2727 579 2773 addite
594 2736 652 2780 sunt,
668 2730 690 2771 in

588 2807 600 2846 2
