1758 3351
375 230 401 269 31

64 361 108 398 test.
125 353 239 396 Discrimen
254 351 306 396 illud
320 336 395 411 procul
407 352 472 395 dnbio
480 355 525 409 jam
533 354 556 396 in
568 352 631 397 Godd.
641 353 713 395 Graec.

62 429 128 472 arnt.
538 414 540 418 ’

92 507 127 553 Vs,
143 508 178 549 32.
195 508 276 566 spicue.
297 507 344 551 Post
358 506 404 567 hoc
413 505 542 550 vocabulum
557 507 637 553 eVers.
652 505 714 550 Aah:

62 581 196 625 inserendum
217 591 246 626 est
267 586 356 626 sunonis
375 583 432 626 doni.
462 583 555 640 Utraque
567 582 626 627 Veis.
645 582 715 628 verbis

63 657 147 714 quidem
162 659 221 702 valde
236 658 318 709 differt,
334 657 376 700 non
391 673 439 700 vero
455 673 524 700 seusu.
698 642 700 645 ‚

51 785 53 787 ¹
92 733 126 778 Vs.
143 736 179 776 33.
199 732 314 788 Quomodo.
345 733 371 775 Iu
390 732 448 777 Veis.
466 732 528 775 Aeth.
549 732 624 776 melius
639 732 716 789 legitur

62 809 180 867 quamdiu:
197 821 236 862 pro
252 807 291 857 ἓως
305 804 353 850 πότε
366 807 449 850 Latinus
462 807 546 850 fortasse
557 807 608 865 legit
621 810 672 857 πῶς.
687 834 716 841 -

61 884 93 927 Π).
113 897 189 942 quare.
219 883 245 925 Iu
259 882 317 927 Vers.
332 881 393 927 Aetia,
408 882 481 925 melius
494 883 570 941 legitur
585 884 715 941 quieceret-

61 961 112 1003 bum
128 957 179 1004 irin
192 959 276 1002 Latinus
290 974 386 1016 perverse
401 960 546 1017 interrogative
561 960 641 1002 sumsit.
705 972 707 975 ·

90 1036 126 1082 Vs.
143 1039 178 1079 34.
196 1034 218 1078 T
215 1051 230 1078 u
243 1037 300 1077 euim
315 1059 345 1068 —-
360 1036 448 1080 multus.
478 1036 503 1078 In
516 1035 575 1081 Vere.
587 1035 648 1078 Aeth.
663 1034 715 1093 legi-

61 1118 96 1152 tur
110 1110 145 1152 Et
158 1115 182 1152 iu
190 1111 290 1167 festinus
299 1116 427 1170 propterte
439 1113 518 1170 ipsum,
533 1111 575 1153 aed
584 1111 716 1154 Altis-simus

57 1191 153 1245 prmoter
166 1187 252 1230 multos.
283 1186 343 1248 Quae
355 1187 418 1229 rerba
432 1188 500 1229 multo
512 1186 620 1229 meliorem
633 1201 715 1229 sensum

61 1248 172 1318 praebent,
194 1268 256 1319 atque
276 1261 351 1318 partim
366 1261 515 1305 confirmantur
536 1262 596 1304 etiam
610 1263 646 1304 Ms.
662 1263 716 1304 San-

62 1336 204 1395 germanensi‚
218 1322 240 1379 in
254 1336 391 1395 quo'legitur
406 1341 431 1379 tc
447 1338 504 1380 cuim
514 1337 615 1394 scoticae
628 1338 716 1379 vaniter

61 1430 109 1458 cum
126 1420 149 1457 et
165 1417 237 1474 ipsum
257 1415 373 1473 spiritum,
392 1429 444 1457 num
458 1414 571 1458 Eteocleos
586 1415 715 1474 permultis.

61 1491 102 1533 Pro
121 1505 167 1533 cum
187 1495 209 1532 et
225 1478 399 1547 vero'legendnm
413 1490 451 1532 erit
465 1496 579 1547 inauraret,
601 1499 621 1533 et
637 1490 716 1533 dativus

33 1574 34 1577 ’
62 1566 115 1608 vocis
130 1560 250 1625 periculus
273 1565 351 1622 pendet
371 1581 383 1610 a
401 1567 466 1609 verbo
486 1567 629 1609 subintellecto
643 1567 715 1624 festi-

56 1628 112 1693 nat,
129 1656 153 1683 eo
169 1656 230 1683 seusu
242 1656 293 1683 uam
308 1641 420 1684 Exceisus
424 1643 523 1699 festinat
527 1647 624 1700 propter
636 1642 720 1683 multoe

61 1716 96 1758 rel
108 1717 132 1757 iu
142 1718 245 1774 graiium
257 1716 380 1758 muliorum.
399 1717 458 1770 Quae
473 1725 543 1759 autern
556 1716 645 1758 inedito
659 1723 716 1757 textu

61 1793 134 1837 Latino
148 1792 257 1850 leguntur,
273 1792 423 1849 corruptricem
437 1807 522 1835 manum
538 1792 674 1836 recentiorem
685 1807 716 1834 re-

62 1869 132 1912 dolere
145 1867 196 1911 mihi
207 1868 310 1925 ridentur.

80 1945 126 1989 vs.
141 1947 176 1987 35.
201 1942 272 2003 Spero
285 1947 324 1988 sic.
354 1945 379 1988 Iu
395 1945 453 1990 Vers.
471 1944 531 1988 Aerh.
550 1945 624 1987 melius
639 1945 716 2004 legitur

63 2022 144 2063 erimus
157 2021 199 2063 liic.
214 2020 305 2062 Fortasse
318 2020 391 2065 Versio
403 2021 473 2063 Latina
486 2028 582 2077 corrupta
593 2027 623 2063 est
633 2036 678 2064 ers.
686 2022 714 2063 27
725 2073 727 2077 ‚

61 2095 251 2152 praecedentium
264 2094 290 2137 de
303 2109 341 2152 spe
348 2095 462 2151 justornm
476 2110 543 2137 sermo
551 2102 591 2138 est:
602 2096 715 2153 legendnm

63 2185 113 2228 ergo
128 2170 217 2225 conjicio
231 2184 268 2211 ero
283 2169 325 2224 liic.

91 2247 127 2293 Vs.
143 2249 179 2291 36.
210 2244 319 2289 Semioum
332 2247 356 2288 io
375 2244 441 2290 vodis.
471 2247 496 2289 In
507 2247 544 2290 Me.
558 2247 665 2305 Sangerm.
680 2261 716 2289 ro-

64 2325 112 2368 cula
123 2325 148 2367 in
163 2323 230 2377 deest,
247 2331 267 2366 et
280 2325 302 2367 in
316 2325 375 2370 Vens.
389 2323 449 2368 aeth.
462 2339 501 2382 pro
513 2323 545 2368 his
557 2324 624 2368 verbis
637 2325 717 2384 legitur

63 2417 152 2455 eorum,
167 2403 206 2459 qui
220 2408 245 2444 ot
256 2416 294 2444 vos
307 2407 365 2457 sunt,
381 2416 435 2458 quae
447 2401 514 2452 lectio
525 2402 637 2444 sentcntiae
648 2402 715 2444 multo

63 2478 137 2519 melius
151 2478 257 2521 convenit:
272 2477 350 2521 idcirco
364 2484 441 2519 textum
453 2477 549 2519 Latinum
562 2477 591 2519 sic
603 2477 715 2532 emendam

64 2549 115 2592 dum
134 2560 196 2608 puto:
226 2553 332 2594 similium
351 2553 422 2603 vobim·
442 2560 551 2609 postquam
569 2553 675 2595 similium
692 2535 718 2595 iri

3 2677 5 2680 ι
63 2627 168 2670 cercinum
181 2635 230 2672 erat
238 2627 382 2685 depravatum,
396 2627 469 2671 vocula
483 2629 508 2670 iu
518 2627 584 2670 'facile
598 2628 621 2670 in
636 2635 714 2670 textum

63 2701 197 2756 inserebatur.
