1758 3351
466 250 495 290 26,

153 377 268 420 monstret,
282 370 435 425 perversitatem
447 384 533 426 semper
552 373 639 415 affuisse.
669 374 731 416 Error
748 374 803 418 faei-

153 447 173 489 le
194 462 205 488 e
223 446 303 488 Graeco
322 452 380 488 textu
399 446 447 490 oriri
465 446 542 502 potuit,
558 446 581 490 iu
598 464 639 506 quo
652 449 749 502 Latinus,
765 466 804 507 pro

152 523 185 564 καὶ
197 519 266 576 ἐγένετ’
280 520 306 563 ev'
318 520 385 565 πολλά
398 521 444 579 ἔτη,
459 522 529 564 vitiose
543 512 597 581 legit
614 526 648 567 uel
664 523 739 581 ἐγένετο
755 526 804 573 not-

151 592 178 637 to'
194 593 242 652 ἔτη,
261 595 314 638 illud
333 597 371 640 ltoe
393 597 418 639 de
437 612 474 640 suo
490 597 579 651 aridem,
600 600 678 657 quippe
693 599 748 658 quod
763 599 804 643 loei

151 670 203 713 ratio
218 672 336 727 postularet.
541 685 543 688 ·
629 697 631 700 >
651 681 653 684 “

180 747 216 791 Vs.
233 749 269 790 28.
285 746 405 805 Mtozquid.
427 748 453 791 In
462 749 498 792 tls.
512 749 618 807 Sangerm.
632 756 688 797 reete
702 751 804 805 praemit-

149 828 222 863 tuntur
235 820 286 865 huie
298 823 400 865 vocabulo
413 830 434 866 et
447 825 500 867 dt'm'
510 840 550 883 ego
566 831 616 868 tune
630 827 654 867 in
667 824 733 867 eorde
744 839 803 882 meo,

149 912 203 954 quae
215 898 277 940 verba
291 898 353 940 etiam
366 898 389 940 in
403 906 493 956 utraque
504 901 562 945 Vens.
574 901 653 944 Orient.
660 901 768 959 leguntur.
776 922 804 933 -

148 973 179 1016 lb.
186 974 285 1031 foeizmt.
303 974 351 1016 Post
364 972 420 1017 bane
432 989 505 1018 vocem
517 974 540 1017 in
550 983 639 1033 utraque
651 976 713 1021 Vers‘
723 977 804 1021 Orient.
873 1005 877 1016 2

149 1050 243 1093 additum
256 1050 333 1108 legitur
346 1067 411 1110 quam
427 1067 479 1104 nos,
493 1066 532 1095 nee
544 1053 605 1097 male.

178 1127 213 1170 Vs.
229 1129 264 1169 29.
281 1132 302 1169 et
316 1127 427 1171 vidissem.
442 1128 592 1171 Gonreuienter
606 1142 654 1172 eum
664 1127 722 1173 Vers.
735 1124 803 1176 aeth,

148 1210 211 1260 atque
229 1202 355 1259 approbante
375 1204 469 1247 contexti
489 1205 591 1256 oratione,
608 1205 631 1246 in
644 1204 680 1247 tls.
696 1204 803 1261 Sangerm.

148 1279 223 1321 melius
238 1279 315 1336 legitur
329 1284 351 1321 et
363 1276 417 1323 oz‘dz'.
433 1305 464 1313 -
478 1281 509 1324 lb.
523 1271 580 1323 anno
593 1281 633 1323 ltoe
647 1281 763 1323 trecesimo.
779 1279 804 1320 In

149 1354 237 1412 utrique
252 1355 309 1399 Vers.
325 1355 424 1399 Orientali
440 1357 513 1399 melius
528 1357 605 1414 legitur
620 1358 685 1399 annis
704 1356 739 1398 lus
755 1356 803 1404 trie

145 1433 213 1489 ginta
220 1445 228 1481 ‚·
243 1430 342 1473 nimirum
356 1439 429 1474 auetor
445 1432 465 1474 b.
481 1432 495 1474 l.
511 1440 622 1484 memorat,
644 1422 717 1475 Ezram
737 1431 805 1473 abeo

147 1505 197 1548 inde
212 1513 315 1562 tempore,
329 1519 371 1562 quo
384 1505 512 1564 Babylonem
526 1507 594 1558 venit,
612 1506 674 1549 buius
688 1506 803 1549 incolarum

147 1581 223 1639 agendi
235 1580 337 1623 rationem
350 1581 471 1632 observasse,
486 1595 561 1637 eosque
575 1582 671 1624 Israelitis
686 1581 742 1625 hand
756 1595 803 1643 me-

146 1658 207 1699 liores
223 1664 331 1713 expertum
346 1658 415 1699 fuisse

176 1733 213 1776 Vs.
230 1734 264 1774 31.
285 1730 352 1774 ltfitz't
364 1733 459 1773 memini.
489 1729 548 1787 Lege
558 1730 618 1772 nihil
632 1732 724 1782 nemini,
739 1730 803 1787 μηδὲν
823 1744 828 1755 ’

147 1799 228 1864 pertzii,
250 1795 313 1863 quani
334 1805 497 1850 emendationem
517 1807 576 1851 Vers.
595 1804 655 1849 Aeth.
670 1812 690 1847 et
708 1812 803 1849 contenta

148 1884 212 1926 oratio
228 1883 357 1926 confirmant.

175 1960 211 2004 Vs.
228 1961 263 2002 34.
280 1964 302 2001 et
314 1973 356 2001 non
368 1981 401 1991 --
415 1957 499 2001 Israel.
521 1958 577 2000 Haeo
590 1957 652 2000 verba
663 1971 746 2013 prorsus
758 1955 802 1998 dis-

146 2043 231 2093 crepant
245 2035 271 2089 ab
288 2034 323 2086 iis,
345 2035 435 2092 quaein
448 2033 607 2090 utraqueVets.
626 2032 705 2075 Orient.
722 2032 802 2089 legun-
863 2054 865 2056 >

145 2120 194 2164 tur,
216 2126 283 2168 eaque
303 2126 316 2153 a
329 2110 444 2154 recentiori
463 2110 533 2167 aliquo
552 2108 619 2153 scribi
639 2123 681 2152 esse
698 2109 801 2166 prolecta,
876 2137 878 2141 v

146 2189 184 2245 qui
204 2188 320 2245 genuinum
339 2193 418 2230 textum
438 2201 481 2229 non
498 2185 635 2244 intelligeret,
655 2192 712 2241 patet
732 2200 744 2227 e
764 2185 800 2227 tls.

147 2264 267 2321 Sangerm,
286 2262 308 2306 in
329 2277 370 2320 quo
390 2278 439 2307 vera
456 2262 519 2306 lectio
530 2262 606 2319 partim
619 2261 738 2305 etiamnunc
756 2274 801 2302 ser-

147 2347 193 2383 vata
215 2347 254 2382 est:
271 2340 292 2381 in
309 2354 333 2381 eo
353 2340 408 2382 enim
426 2339 514 2396 legitur:
538 2343 561 2380 et
580 2339 703 2379 inoem'etur
724 2350 800 2379 nomeu

146 2422 204 2458 tuom
213 2417 304 2474 preteeti,
318 2416 359 2463 ubi
370 2415 465 2458 declinet
480 2428 557 2470 nempe
571 2420 655 2467 statera3
672 2427 710 2471 pro
719 2415 801 2472 puncti

145 2507 194 2535 vero
207 2491 319 2550 legendum
334 2492 415 2535 ridetur
430 2507 445 2534 a
453 2496 536 2549 puncto
548 2490 562 2533 i.
578 2506 596 2555 e.
611 2491 663 2534 inde
674 2506 689 2532 a
706 2494 799 2548 puncto,

145 2568 186 2611 nisi
198 2568 320 2625 praepositio
332 2568 374 2612 αἠό
387 2568 434 2624 jam
447 2566 469 2609 in
481 2566 528 2610 cot.
538 2566 634 2622 .Graee.‚
649 2580 691 2624 quo
706 2581 755 2608 usus
770 2574 800 2609 est

144 2646 239 2695 Latinus,
255 2644 349 2687 deluerit.
369 2646 450 2690 Verum
462 2659 531 2686 sensus
543 2643 648 2701 oppositus
659 2643 704 2699 jam
721 2642 798 2700 prodit,

145 2738 194 2766 nam
208 2728 280 2765 auctor
294 2721 347 2772 vult,
360 2720 478 2778 iniquitates
495 2727 611 2764 ceterarum
625 2720 717 2779 gentium
729 2720 799 2778 plures
852 2738 856 2741 -
