1758 3351
506 243 546 282 162

198 367 291 418 venisset,
300 366 411 421 derepente
417 372 510 408 mortuus
518 373 555 416 est,
562 373 613 416 tum,
624 366 735 410 luminibus
743 366 850 418 exstinctis,

197 449 266 485 tacens
279 441 305 484 ad
316 440 408 498 primum
420 456 485 498 usque
497 440 620 493 diluculum,
633 450 742 498 postquam
754 443 851 494 abierant,

167 533 169 535 ’
197 517 234 573 qui
245 531 280 559 me
295 517 423 560 consolatum
433 524 578 568 convenerant,
593 517 663 575 effugi,
672 533 740 576 neque
748 520 808 562 edere
816 534 852 561 ne-

197 607 239 649 que
254 594 326 636 hibere
341 595 395 645 volo,
412 594 477 636 donec
491 594 573 637 moriar.
604 593 685 647 Quibus
701 593 785 647 auditis,
802 596 853 637 Eira

195 662 307 726 mulierem
322 669 420 712 consolari
439 670 516 721 studet,
533 669 619 727 eiusque
636 670 772 712 calamitatem
787 678 853 713 terrac

196 752 280 792 sanetae
295 746 410 789 calamitate
421 746 487 788 multo
500 740 601 804 minorem
610 760 652 788 csse
661 745 755 801 pluribus
766 745 853 787 demon-

195 827 255 873 strat3
271 821 349 864 idcirco
359 822 420 877 jubet
432 837 477 864 eam
489 837 501 863 a
515 823 580 864 nimio
593 821 662 863 dolore
676 821 787 873 abstinere,
805 836 853 863 cum

194 910 277 951 sperare
286 898 354 951 possit,
369 903 393 937 nt
404 895 468 938 alium
478 897 546 952 pariat
555 897 629 938 filium.
649 897 681 939 Ita
692 898 797 940 veronna
808 912 853 939 eam

194 972 326 1027 consolante,
339 971 431 1014 mulieris
446 972 508 1014 facies
523 972 590 1014 subito
604 973 685 1029 fulgere
693 973 781 1028 incepit,
792 988 853 1029 mag-

194 1047 264 1104 naque
275 1063 300 1090 ac
313 1047 400 1089 terribili
410 1061 462 1090 voce
476 1047 582 1099 clamavit,
594 1047 622 1090 ita
635 1056 659 1089 ut
670 1055 726 1089 terra
738 1061 852 1089 commove-

195 1131 262 1166 retur:
280 1130 300 1164 et
313 1137 361 1176 eece
375 1122 452 1165 mulier
458 1122 553 1164 illalacta
561 1130 590 1170 est
599 1123 669 1165 civitas
679 1122 793 1173 aedificata!
806 1122 852 1173 lam

195 1198 285 1241 clamare
301 1198 376 1255 incipit
389 1199 453 1250 Eira,
468 1205 556 1254 putans,
570 1213 591 1240 se
602 1199 647 1254 jam
659 1199 785 1240 moriturum
798 1212 852 1247 esse,

195 1274 231 1316 sed
244 1273 327 1315 advenit
335 1274 435 1329 Angelus,
449 1274 485 1329 qui
495 1272 621 1329 apprehensi
631 1275 674 1315 eius
685 1274 761 1325 dextra,
772 1288 819 1315 eum
830 1274 853 1314 in

196 1350 259 1406 pedes
272 1349 332 1406 erigit
344 1356 406 1404 atque
415 1348 470 1390 hauc
480 1349 578 1391 visionem
590 1350 723 1405 sicerplioar:
735 1349 853 1399 1111111111-

195 1426 251 1482 quit,
260 1425 313 1466 'Sion
328 1431 368 1474 est,
385 1431 405 1471 et
419 1424 514 1465 sterilitas
532 1425 574 1465 eius
589 1440 627 1479 per
641 1426 670 1468 30
680 1438 743 1466 annos
754 1424 854 1480 significat

194 1509 287 1557 tempus,
307 1514 348 1557 quo
361 1499 444 1541 nullum
457 1497 580 1541 sacrificium
594 1499 617 1541 in
631 1498 692 1541 Sione
706 1499 797 1542 oblatum
811 1507 851 1552 est,

195 1577 300 1635 generatio
319 1582 390 1617 autem
418 1574 456 1617 filii
477 1574 578 1632 significat
597 1574 758 1618 aedificationem
781 1576 853 1632 templi

194 1653 322 1704 Salomonei3
342 1650 428 1693 nutritio
448 1651 514 1692 multo
534 1665 582 1694 cum
601 1651 670 1693 labore
690 1659 719 1694 est
732 1650 852 1694 inhabitatio

195 1730 253 1772 urbis
270 1728 435 1784 Hierosolymam
455 1742 509 1769 mors
528 1727 612 1769 tandem
627 1727 664 1769 filii
679 1735 708 1769 est
722 1726 783 1770 huius
796 1727 852 1769 urbis

196 1806 265 1848 ruina.
289 1806 321 1846 Tu
331 1817 389 1857 vero,
401 1803 469 1860 pergit
479 1802 534 1844 idem
544 1804 617 1845 Ezram
626 1802 745 1859 alloquens,
758 1803 853 1859 conspice

197 1882 284 1941 gloriam
301 1888 321 1922 11
334 1878 466 1936 splendorem
480 1893 545 1921 novae
559 1879 615 1921 urbis
628 1879 780 1936 Hierosolymae
794 1863 853 1938 (coe-
870 1889 875 1901 '

195 1953 262 2012 lestis)
276 1963 338 2012 atque
355 1955 398 1997 sine
411 1954 455 1996 ullo
469 1962 511 1997 esto
524 1955 607 2007 timore,
627 1969 712 1997 remane
723 1962 793 1997 autern
804 1954 850 2006 1111,

196 2041 216 2075 11
229 2032 289 2089 plura
301 2031 388 2088 insuper
401 2046 518 2089 cognosces.

231 2107 316 2165 Quinto
328 2110 384 2150 atsto
400 2106 429 2166 (C,
445 2108 482 2152 XI.
500 2107 588 2150 1-XII.
605 2110 640 2150 44.
656 2107 683 2151 V·
699 2107 770 2159 teth„
784 2109 805 2152 G.
815 2109 851 2150 XI.

197 2185 284 2227 1-ΧΠ,
302 2188 338 2228 39.
354 2184 381 2228 V.
396 2183 451 2243 Lat.)

227 2245 292 2303 Nocte
308 2259 403 2316 sequenti
417 2260 468 2301 Ezra
482 2260 505 2302 in
521 2258 604 2302 somniis
616 2256 671 2300 videt
685 2259 757 2301 emari
766 2274 852 2317 surgen-

196 2344 240 2379 tem
254 2336 364 2392 Aquilam,
382 2337 409 2377 12
425 2335 498 2392 pennis
514 2343 534 2377 et
550 2338 563 2377 3
580 2333 680 2391 capitibus
695 2335 826 2389 instructam,
841 2352 852 2378 1

200 2415 226 2456 12
239 2413 312 2469 pennis
323 2412 471 2469 proveniebant
484 2415 579 2467 8parvae
588 2410 690 2469 exilesquc
697 2411 817 2471 pennulae(
832 2411 851 2471 ),

193 2511 340 2519 *ῆς-

209 2556 246 2601 (1)
261 2559 294 2590 See.
311 2558 355 2590 Vers.
368 2556 416 2589 Aah.
429 2568 437 2588 1
450 2558 472 2588 12
483 2555 515 2587 illis
525 2558 581 2599 pennis
590 2556 680 2589 oriebantur
692 2558 703 2588 8
713 2557 774 2599 capita,
787 2562 803 2587 11
814 2554 852 2587 haec

197 2620 259 2653 fiebant
268 2619 350 2663 pennulae.
363 2618 393 2651 Sed
402 2620 432 2651 ista
438 2618 485 2650 lectio
492 2617 554 2651 videtur
564 2630 597 2650 1111
603 2617 695 2663 depravata,
702 2624 718 2649 11
723 2618 807 2650 recentiori
812 2604 853 2650 tenr-¹

196 2685 231 2727 pori
240 2681 346 2723 attribuenda,
358 2694 397 2726 quoe
407 2692 427 2713 111
435 2680 506 2713 omnibns
517 2681 580 2726 quidem
585 2681 623 2721 locis
629 2680 660 2713 sihi
668 2687 739 2713 constans
746 2681 807 2723 mansit,
815 2680 851 2712 vide

193 2746 227 2777 xri.
242 2747 258 2777 3,
283 2745 356 2777 Fortassis
369 2745 444 2787 originem
457 2742 502 2776 duxit
512 2744 531 2776 ab
544 2743 605 2789 aliquo,
619 2750 660 2776 recte
673 2743 738 2788 quidem
751 2743 851 2785 intelllgente
