1758 3351
475 262 516 304 188

169 388 196 430 de
213 391 267 429 11⁰1⁰
289 402 354 430 cornu
377 386 468 431 traditur.
499 388 543 430 Hoc
563 388 617 430 enirn
637 388 667 429 ibi
686 390 761 447 legitur
781 393 819 432 triu

169 463 208 507 alia
223 478 301 507 cornua
316 463 356 507 sibi
371 463 489 519 subjecisse3
505 462 582 506 ideirco
597 464 623 506 de
638 463 704 521 capite
716 465 785 509 dextro
793 466 819 508 si-

169 539 218 582 mile
234 539 285 597 quid
299 555 383 583 narrare
398 539 470 582 debuit
485 547 557 582 auctor
571 546 650 582 noster:
666 554 715 582 nam
732 555 769 597 per
785 558 820 586 ca-

168 622 206 671 put
222 615 316 658 dextrum
333 629 381 657 eum
396 614 520 672 significasse
535 630 601 659 cornu
613 617 681 657 ΠΜ
694 616 717 658 in
731 616 820 660 Danielis

168 691 222 734 libro
239 691 335 742 obvium,
351 690 398 733 satis
413 699 494 735 certum
509 698 539 734 est
555 689 593 750 (1).

198 768 246 810 Tres
266 767 331 824 igitur
361 782 420 825 reges
440 767 503 825 capiti
525 767 596 810 dextro
618 768 819 824 subjectionum,

168 858 243 899 nempe
258 846 271 885 2
287 842 389 886 subalares
404 850 425 884 et
440 850 502 900 caput
517 843 634 887 sinistrum:
645 845 692 904 illae
702 851 774 901 sponte
783 860 819 886 sua

168 934 210 962 sese
226 918 264 961 suh
281 919 323 961 eius
338 918 440 975 praesidio
454 925 581 975 posuerunt,
593 918 633 962 hoe
647 920 705 962 abeo
716 920 819 962 devictum

167 995 212 1038 luit.
233 995 320 1037 Lubens
329 994 405 1037 haecce
420 997 433 1036 2
449 994 575 1038 subalarlurn
590 994 690 1051 subjectio
700 995 819 1052 proculdu-

166 1072 201 1113 bio
223 1070 338 1128 signifieat,
361 1086 394 1113 eas
413 1085 500 1128 regnare
514 1085 557 1113 non
572 1085 630 1113 ausas
646 1086 703 1123 esse,
720 1078 820 1128 regnante

167 1147 280 1189 etiamnum
290 1147 357 1203 eapite
372 1145 452 1189 dextro:
464 1147 525 1188 simul
538 1161 585 1188 vero
592 1155 654 1203 atque
660 1146 700 1189 hoe
707 1147 818 1198 evanuerit,

167 1237 254 1280 regnare
268 1222 378 1279 incipiunt.
405 1222 444 1264 Per
458 1222 493 1264 has
509 1237 559 1280 ergo
574 1223 676 1265 subalares
686 1222 820 1279 probabiliter

166 1297 297 1355 intelligendi
312 1303 360 1339 sunt
375 1297 477 1339 Antonius
493 1305 513 1340 et
525 1298 626 1354 Lepidus,
642 1298 680 1355 qui
693 1299 763 1340 statim
774 1304 820 1352 post

165 1375 254 1417 Caesaris
269 1380 358 1414 mortem
372 1385 465 1413 summae
480 1386 550 1413 rerum
560 1374 599 1413 sibi
610 1373 672 1427 potiri
683 1373 751 1413 conati
763 1379 817 1413 sunt.

165 1447 312 1491 Triumviratus
322 1445 419 1496 Antonii,
434 1443 506 1501 Lepidi
521 1453 542 1487 et
553 1444 661 1487 Octaviani
670 1452 741 1487 auctor
751 1452 819 1487 noster

113 1575 115 1581 ,
166 1524 244 1567 nullam
259 1521 354 1565 habuisse
368 1521 449 1563 videtur
464 1520 610 1578 cognitionem.

193 1600 245 1642 Inde
261 1592 395 1655 consequitur
409 1596 487 1639 librum
502 1605 595 1640 nostrum
611 1598 672 1655 paulo
687 1606 732 1655 post
746 1597 818 1643 Gaesa-

165 1679 191 1720 ris
207 1690 281 1729 necem
297 1675 438 1730 conscriptum
453 1673 521 1716 fuisse.
553 1674 644 1717 Duarum
661 1675 716 1717 enirn
730 1675 817 1719 subala-

164 1755 219 1797 rium
234 1766 324 1810 regnum
340 1758 382 1793 erat
399 1750 451 1793 exile
467 1757 487 1793 et
499 1751 622 1794 turbationis
636 1751 734 1806 plenum,
749 1757 769 1792 et
785 1749 818 1792 his

164 1830 267 1874 exstinctis
283 1830 371 1886 regnum
381 1828 498 1870 Romanurn
510 1834 663 1870 casurum-erat.
678 1827 756 1870 Auctor
767 1842 818 1884 ergo

163 1908 212 1950 vixit
225 1913 336 1962 antequam
350 1903 389 1946 bae
405 1903 509 1947 subalares
522 1902 543 1963 (i.
558 1919 575 1947 e.
583 1904 683 1947 Antonius
694 1911 714 1945 et
719 1902 816 1962 Lepidus)

162 1983 279 2027 interissent
293 1989 314 2024 et
328 1988 373 2039 post
389 1980 460 2036 capitis
475 1979 540 2022 dextri
553 1979 575 2039 (i.
584 1995 602 2024 e.
612 1977 708 2036 Caesaris]
724 1979 816 2023 caedem.

163 2062 234 2103 Annus
251 2066 331 2110 autem,
348 2071 390 2114 quo
406 2056 459 2098 liber
472 2064 540 2099 noster
555 2063 583 2097 est
597 2055 730 2112 compositus,
746 2069 813 2098 aceu-

147 2147 149 2149 ’
163 2133 205 2179 rate
220 2133 302 2178 definiri
317 2132 401 2190 nequit3
419 2132 466 2176 satis
485 2139 525 2185 est,
542 2131 673 2189 probabilem
690 2130 737 2174 libri
752 2132 816 2175 Ezrae

184 2311 208 2358 (1)
220 2311 272 2343 Cornu
283 2302 325 2343 enim
337 2311 398 2341 11111111]ἰ
409 2308 465 2341 ultimo
476 2308 509 2340 loeo
520 2319 586 2352 regnare
597 2309 615 2340 in
625 2308 694 2341 Danielis
705 2308 746 2342 libro
760 2304 815 2342 neuro-

161 2382 213 2415 ratur,
226 2380 242 2406 et
252 2379 287 2417 post
298 2371 345 2404 huius
356 2372 439 2415 imperium
451 2371 506 2404 mundi
516 2372 564 2404 finem
576 2373 645 2414 instare3
656 2372 729 2405 similiter
740 2379 814 2415 regnante

161 2438 212 2480 capite
224 2435 278 2467 dextro
290 2435 320 2466 Leo
332 2436 344 2467 i.
357 2446 371 2466 e.
383 2435 412 2466 Dei
424 2434 481 2467 unetris
492 2434 554 2478 prodit,
567 2434 651 2480 mundique
663 2437 710 2468 finem
722 2437 781 2468 instare
788 2447 815 2469 an-

159 2500 228 2531 rruntiat.
241 2498 326 2530 lliscrimen
337 2507 384 2540 vero,
396 2496 439 2540 quod
451 2496 513 2528 obtinet
523 2498 565 2529 inter
576 2499 587 2529 3
600 2508 654 2542 reges,
666 2498 695 2542 qui
704 2497 771 2540 subjecti
780 2499 818 2543 sue-b

160 2568 198 2594 runt
215 2562 258 2604 regi,
269 2571 297 2603 per
309 2561 369 2591 fimum
383 2549 433 2591 corna
445 2566 571 2602 repraesentato,
583 2568 600 2592 et
611 2551 644 2604 ebs,
657 2560 686 2604 qui
698 2571 745 2603 rege,
763 2562 814 2603 capite

160 2624 215 2655 dextro
231 2622 329 2666 significato,
347 2623 414 2654 minores
425 2622 500 2666 fuerunt⁷
512 2622 615 2666 repetendum
627 2630 651 2655 est
662 2635 670 2655 e
682 2623 738 2666 majori
749 2623 813 2655 seientia

160 2686 252 2718 ultimorum
263 2691 361 2728 temporum,
374 2695 421 2728 quarn
432 2691 487 2717 auctor
498 2684 535 2719 libri
547 2685 593 2718 Ezrae
604 2697 641 2730 prae
653 2684 735 2718 Danielea
744 2685 776 2717 Deo
782 2685 813 2717 sibi

160 2759 246 2782 corrressam
258 2758 291 2781 esse
301 2749 361 2792 jactat:
373 2749 394 2781 ef.
406 2748 441 2781 llll.
455 2750 477 2781 12
488 2750 506 2782 V.
519 2750 552 2782 Lat.
