1758 3351
371 237 412 293 tsi

63 361 128 416 capite
143 358 214 401 dextro
229 368 299 403 auctor
311 360 405 411 tradidit,
414 363 464 419 ¹veri
478 370 507 404 est
520 360 661 410 simillimum,
675 378 712 418 per

61 435 100 478 hoo
115 434 273 494 intelligendum
288 451 330 479 esse
344 437 456 480 Caesarem.
488 438 624 495 Consequitur
636 438 711 495 igitur,

60 517 164 554 auctorem
177 511 200 554 in
212 519 278 570 aetate
284 511 381 562 ,Caesaris
389 512 506 556 definiendi
516 528 602 567 errasse,
610 515 647 572 qui
655 528 712 557 error

58 588 119 631 facile
133 588 181 632 oriri
188 590 255 646 potuit
264 589 319 646 apud
328 589 494 633 Judaeum-erni
501 589 583 633 Italiam
595 591 710 633 viventem:

58 665 165 723 posteriori
182 665 239 708 enim
254 666 293 720 isto
313 673 405 722 ternpore
424 666 496 710 Caesar
514 666 564 709 feeit
586 681 634 708 eum
650 667 711 709 Pom-

58 739 118 799 pejo}
141 741 196 793 unde
212 742 297 785 fortasse
317 742 451 794 derivandum
473 751 513 794 est,
529 737 586 801 quod
600 739 673 786 auctor
688 743 710 785 in

39 823 41 826 ’
58 825 128 872 mente
142 816 179 860 sui
188 818 293 871 Caesarem
304 832 384 874 semper
394 816 446 872 ,oum
456 818 555 875 Pompejo
567 819 708 874 eonJ'unxerit3

58 909 100 952 quo
110 895 188 937 factum
195 901 200 946 ,
208 895 245 946 ut,
254 909 303 937 oum
314 895 437 951 Pompejum
448 895 569 938 auxiliatum
583 910 627 938 esse
641 896 711 953 Syllae

57 980 158 1023 narraret,
166 971 280 1015 'Caesarem
298 971 360 1013 etiam
371 969 421 1013 huie
431 971 486 1013 bello
495 1002 501 1025 ,
511 973 584 1014 centra
598 971 710 1013 factionem

56 1048 166 1098 Marianam
181 1054 249 1106 gesto,
266 1039 347 1090 affuisse
360 1047 469 1104 putaverit.
540 1099 542 1101 ,

85 1126 108 1168 Si
127 1124 192 1183 igitur
213 1124 257 1166 veri
275 1124 300 1165 sit
320 1123 461 1178 simillimum,
481 1138 519 1179 per
538 1129 601 1179 eaput
616 1122 709 1165 medinm
739 1145 741 1147 ·

54 1201 122 1257 majus
135 1199 295 1257 intelligendum
311 1214 353 1241 esse
368 1200 459 1256 Syllam,
470 1213 513 1241 non
528 1197 612 1241 difficile
627 1206 656 1241 est
674 1199 709 1240 in-

55 1283 130 1326 ventu,
151 1289 252 1331 quosnam
267 1288 306 1330 per
320 1275 334 1315 4
350 1272 496 1329 praecedentes
512 1272 614 1316 subalares
630 1267 712 1315 intelli-¹

55 1350 132 1408 gendos
146 1350 266 1392 habeamus,
280 1349 339 1390 Duae
351 1347 464 1403 subalares,
480 1361 530 1403 quas
544 1355 607 1404 eaput
616 1348 710 1391 medium

54 1424 170 1476 devoravit,
192 1422 326 1478 probabiliter
345 1429 393 1463 sunt
413 1421 487 1463 Marius
501 1422 574 1477 junior
592 1430 612 1464 et
630 1423 707 1475 carbo,

54 1501 85 1541 uti
99 1499 142 1555 jam
156 1498 286 1540 monuimus:
303 1504 391 1554 uterque
406 1496 474 1547 euim,
490 1511 539 1538 cum
552 1497 660 1540 eonsilium
674 1514 708 1542 oa-

53 1582 123 1630 peret,
138 1581 163 1616 ut
174 1580 281 1630 regnaret,
296 1572 354 1615 brevi
366 1579 412 1629 post
426 1587 438 1615 a
451 1572 507 1630 Sylla
520 1579 540 1614 et
554 1574 653 1630 Pompejo
667 1574 707 1616 de-

53 1652 120 1693 victus
135 1657 171 1692 est.
202 1649 260 1691 Duae
273 1648 338 1706 igitur
355 1647 471 1703 subalareS,
492 1663 545 1706 quae
559 1649 595 1693 has
610 1657 707 1694 anteces-

54 1714 135 1777 serunt,
150 1724 224 1782 procul
240 1724 304 1766 dubio
322 1731 369 1766 sunt
381 1725 456 1767 Marius
471 1732 530 1781 pater
544 1732 564 1767 et
575 1727 647 1770 Cinna.
665 1727 707 1770 -Ille

53 1803 110 1844 enirn
123 1802 202 1844 Romae
213 1799 272 1851 hauri
282 1799 318 1842 diu
331 1815 437 1843 summum
453 1787 566 1857 imperium
578 1803 656 1855 tenuit,
672 1802 707 1845 hie

52 1891 101 1931 vero
116 1863 192 1929 eitius,=>
204 1890 266 1932 quam
281 1875 317 1918 ille
332 1876 416 1919 interiit.

81 1953 199 2007 Monuimus
211 1952 267 2008 jam,
283 1967 321 2010 per
337 1960 400 2010 eaput
415 1952 510 1995 dextrum
524 1959 544 1994 et
558 1953 663 1995 sinistrum
673 1955 706 1996 in-

52 2030 189 2088 telligendum
204 2044 246 2072 esse
260 2029 367 2073 Caesarem
382 2037 402 2072 et
413 2028 544 2086 ,Pompejum
560 2029 638 2072 Auctor
650 2029 705 2072 enim

51 2114 165 2158 memorat,
188 2113 251 2162 eaput
266 2105 372 2147 sinistrum
387 2121 399 2148 a
413 2105 483 2148 dextro
499 2107 565 2161 capite
580 2120 623 2148 esse
641 2105 705 2148 devo-

52 2189 134 2237 ratum,
156 2189 188 2234 et,
210 2196 272 2239 quarn
296 2182 378 2239 egregie
398 2180 439 2223 boe
458 2181 566 2224 conveniat
587 2195 636 2223 eum
653 2196 705 2224 nece

51 2257 145 2314 Pompeji
160 2272 172 2300 a
186 2258 270 2301 Caesare
286 2257 373 2308 devicti,
393 2258 482 2315 quisque
497 2256 564 2310 videt3
581 2272 621 2300 nee
635 2248 719 2300 minus*

52 2334 148 2377 convenit
167 2334 239 2377 eaedes
252 2335 309 2377 illata
328 2333 407 2378 Caesari
426 2348 475 2376 eum
491 2341 569 2385 morte,
586 2348 627 2391 qua
642 2341 704 2390 eaput

51 2410 147 2453 dextrum
161 2410 262 2453 interiisse
276 2411 310 2454 ait.

80 2488 151 2529 Restat
164 2486 257 2536 tandem,
271 2494 295 2528 ut
309 2486 458 2545 significemus,
472 2500 572 2541 quosnam
586 2493 658 2529 auctor
671 2486 702 2528 in-

51 2561 150 2614 tellexisse
164 2563 257 2606 rideatur
270 2566 333 2620 per2
348 2564 430 2606 ultimas
443 2562 554 2606 subalares.
582 2563 656 2612 Causa,
676 2563 703 2604 ob

52 2654 114 2696 [luam
135 2639 171 2682 has
195 2639 232 2682 sub
253 2639 354 2696 praesidio
377 2639 530 2701 eapitisdertri
552 2654 595 2682 sese
613 2638 703 2699 posuisse

51 2716 90 2768 ait,
112 2715 228 2772 quaerenda
251 2715 331 2758 videtur
346 2717 367 2758 in
384 2732 420 2768 oo,
437 2716 493 2773 quod
508 2716 529 2758 in
544 2715 633 2758 Danielis
648 2714 702 2758 libro

318 2791 339 2819 x
