1758 3351
99 388 132 429 rit.
151 409 181 415 —
194 384 225 428 Ib.
241 384 400 427 convalescebat
417 383 457 424 tlte
471 408 499 418 -
514 384 573 427 eoel'.
597 385 637 427 Pro
650 383 758 426 attalus*

98 465 121 505 in
133 462 169 505 tls.
186 462 307 520 Sungerm.,
324 461 465 505 consentiente
480 459 569 517 utrdque
583 460 641 505 Vers.
657 460 749 512 Orient.‚

98 545 154 581 recte
173 537 250 595 legitur
263 539 360 581 arabibus.
390 539 431 580 Pro
446 535 616 587 convalescebat,
631 538 750 594 requirente

98 622 195 658 contentu
217 623 237 658 et
255 613 394 659 consentiente
412 613 501 670 utreque
514 614 572 659 Vers.
587 612 680 674 Orione,
702 615 749 670 lege

98 692 229 736 contundebat.

127 769 162 814 Vs,
180 771 199 811 4.
215 768 311 827 quiescit
325 780 384 808 cera.
410 766 444 809 Sic
456 766 533 825 legitur
544 767 566 808 in
582 766 614 809 ed.
631 765 750 818 Sabatierii,

97 861 134 902 pro
150 831 226 902 quibus
244 851 313 886 tamen
334 851 390 887 recte
399 828 426 885 in
443 842 495 887 Cod.
508 843 550 887 Ps.
568 841 597 885 V.
614 842 639 886 Τ.
656 856 751 885 onumen

96 923 123 965 H.
136 937 158 978 p.
174 923 217 965 280
232 920 319 964 habetur
331 921 435 980 lz'qtrescz't
447 935 504 964 cera.

126 999 160 1043 Vs.
177 1001 211 1040 11.
226 998 308 1057 puluis.
333 997 358 1039 In
373 998 409 1039 ns.
427 997 535 1054 Sengerm
551 1002 608 1037 recte
623 994 706 1037 additur
717 996 753 1035 cz'-

97 1079 169 1126 neris,
185 1074 245 1116 sicuti
261 1074 322 1116 etiem
336 1074 358 1114 in
375 1073 433 1118 Vers.
449 1072 509 1115 Aeth.
526 1071 608 1128 legitur.
639 1130 640 1133 Ἴ

126 1152 162 1195 Vs.
178 1154 211 1193 13.
230 1145 265 1193 Et
278 1149 427 1192 accedebat-
440 1149 512 1190 nultus
526 1148 641 1191 donuinam.
657 1148 682 1189 In
693 1147 752 1192 Vers.

97 1226 158 1269 Aetli.
173 1226 247 1268 melius
259 1226 336 1282 legitur
350 1231 370 1267 et
385 1224 515 1267 accedebant
527 1224 559 1265 ad
572 1238 619 1265 enm
634 1224 699 1265 multi
715 1223 754 1265 bo-

97 1305 173 1345 rnc'nes.
194 1300 303 1344 Probabile
317 1307 348 1342 est
364 1300 461 1344 Codicem
476 1301 592 1350 Gruoeum,
608 1313 651 1356 quo
663 1313 714 1341 usus
728 1299 755 1340 sit

97 1376 201 1435 Interpres
220 1378 315 1428 Latinus,
336 1384 457 1433 corruptum
474 1368 586 1427 fuissesirr
606 1390 648 1433 quo
661 1375 755 1418 vocabu-

97 1442 143 1496 lum
157 1451 265 1510 πρόσωπον
279 1459 347 1494 ortum
362 1453 401 1494 fuit
416 1467 427 1493 e
442 1452 527 1494 vocibus
541 1448 592 1507 πρός
606 1450 678 1503 ababa,
692 1450 755 1494 modo

97 1528 230 1587 praegressis,
250 1543 288 1585 per
308 1542 396 1570 errorem
412 1526 513 1584 repetitis;
528 1534 638 1584 postquam
654 1542 677 1570 ea
691 1528 764 1571 lectio*
788 1568 790 1572 .

98 1612 141 1648 eret
161 1612 253 1660 recepta,
273 1604 369 1646 librarius
390 1610 513 1661 sequentem
525 1603 675 1646 nominativum
692 1604 753 1647 facile

53 1723 55 1727 ,
97 1682 119 1724 in
134 1680 247 1737 genitivum
260 1678 353 1724 mutavit.
366 1709 394 1718 -
407 1681 438 1723 lb.
453 1681 527 1739 alz'qra'
540 1680 672 1724 adducentes
681 1701 708 1710 —
721 1683 754 1738 cf-

37 1751 40 1756 ’
91 1756 232 1816 serebantur.
260 1756 316 1799 Haec
328 1757 391 1799 verba
404 1756 479 1799 desunt
491 1757 514 1799 in
526 1758 585 1803 Vers.
598 1757 668 1810 Aah„
685 1772 755 1815 neque

97 1834 176 1876 bonum
189 1847 272 1875 sensum
285 1832 384 1890 praebere
392 1832 444 1875 mihi
453 1834 556 1876 videntur.
573 1832 660 1876 Plurimi
668 1834 754 1892 quidem

97 1915 206 1966 putarunt⁷
227 1916 332 1951 auctorem
350 1909 475 1967 significare,
491 1909 570 1966 aliquos
582 1910 655 1961 fuisse,
672 1909 708 1967 qui
721 1925 754 1954 su³

98 1986 176 2029 crificia
198 1986 305 2039 offerrent3
321 2000 406 2037 verum,
426 1987 442 2028 si
456 1985 491 2028 iric
506 1986 617 2028 verborum
636 2001 753 2047 sensusnes-

79 2093 80 2096 η
97 2068 137 2111 set,
153 2061 221 2117 potius
236 2062 314 2104 lectum
328 2061 409 2103 fuisset:
423 2062 502 2119 'cclz'paa'
515 2061 647 2104 adducentes
665 2077 692 2104 ea
707 2064 751 2114 ets,

97 2152 155 2196 qaae
176 2136 308 2195 (plectantur,
327 2138 360 2180 rel
382 2138 454 2196 alz'pul
471 2138 606 2181 adducentes
626 2138 750 2194 sbardficia,

97 2229 146 2257 nam
161 2213 241 2256 nullam
255 2215 314 2257 video
326 2229 419 2268 causam,
433 2215 459 2257 ob
470 2229 534 2273 quern
546 2223 618 2258 auctor
627 2216 752 2260 vocabulum

97 2289 211 2346 saccnficr'a
224 2305 267 2332 non
283 2289 413 2333 adhibuisset.
435 2290 549 2333 Fnonrcros
561 2291 584 2332 in
602 2290 655 2335 Cod.
668 2291 752 2336 Pseud.

98 2365 124 2407 V
124 2401 137 2410 .,
147 2365 168 2409 Τ
167 2397 172 2407 .
187 2366 213 2409 Il.
226 2381 248 2423 p.
263 2370 304 2411 281
320 2376 363 2412 not.
379 2367 508 2419 amonuit,
523 2368 544 2409 in
558 2368 616 2412 Vere.
631 2368 693 2412 Arub.
710 2369 753 2429 legi
789 2377 791 2381 '

97 2458 187 2500 quornm
202 2458 270 2502 opera
285 2452 350 2487 erant
364 2448 442 2500 crarta,
459 2460 512 2503 qnae
524 2444 586 2487 verba
600 2446 660 2488 nimis
674 2447 751 2492 aVers.
787 2444 797 2450 ”

97 2518 140 2559 Lat.
161 2519 267 2571 aberrant,
289 2523 352 2577 quam
372 2529 395 2563 ut
416 2537 439 2564 ex
453 2521 477 2563 iis
492 2521 546 2564 hane
562 2521 679 2564 emendem.
710 2523 752 2565 Diu
795 2569 799 2574 ¹

95 2594 202 2648 perpensis
217 2595 248 2638 bis
263 2595 377 2648 vocabulis,
393 2598 473 2641 nullam
488 2598 557 2640 inveni
573 2598 749 2651 emendationem,

98 2668 217 2725 quaemihi
233 2673 279 2715 satis
294 2673 392 2730 placeret.
408 2676 498 2718 Fortasse
512 2690 550 2731 pro
564 2673 710 2733 efferebantur
721 2677 751 2719 le·
816 2729 820 2734 .

98 2744 188 2802 gendum
204 2747 242 2793 erit
256 2741 420 2807 conserebantur,
437 2759 456 2794 et
472 2767 541 2795 sensus
554 2759 600 2794 tum
614 2753 663 2795 erit:
678 2754 752 2797 Earum

623 2828 662 2872 5*
