<?xml version="1.0" encoding="UTF-8"?>
<!DOCTYPE html PUBLIC "-//W3C//DTD XHTML 1.0 Transitional//EN"
    "http://www.w3.org/TR/xhtml1/DTD/xhtml1-transitional.dtd">
<html xmlns="http://www.w3.org/1999/xhtml" xml:lang="en" lang="en">
 <head>
  <title>
</title>
<meta http-equiv="Content-Type" content="text/html;charset=utf-8" />
  <meta name='ocr-system' content='tesseract 3.04.00' />
  <meta name='ocr-capabilities' content='ocr_page ocr_carea ocr_par ocr_line ocrx_word'/>
</head>
<body>
  <div class='ocr_page' id='page_1' title='image "MN41901ucmf_4_0125.png"; bbox 0 0 1758 3351; ppageno 0'>
   <div class='ocr_carea' id='block_1_1' title="bbox 388 253 416 293">
    <p class='ocr_par' dir='ltr' id='par_1_1' title="bbox 388 253 416 293">
     <span class='ocr_line' id='line_1_1' title="bbox 388 253 416 293; baseline 0 0"><span class='ocrx_word' id='word_1_1' title='bbox 388 253 416 293; x_wconf 82' lang='lat'>99</span> 
     </span>
    </p>
   </div>
   <div class='ocr_carea' id='block_1_2' title="bbox 33 372 750 1044">
    <p class='ocr_par' dir='ltr' id='par_1_2' title="bbox 33 372 750 817">
     <span class='ocr_line' id='line_1_2' title="bbox 75 372 750 436; baseline -0.012 -13"><span class='ocrx_word' id='word_1_2' title='bbox 75 375 191 435; x_wconf 73' lang='grc' dir='ltr'>ἓσπαρμὲνη</span> <span class='ocrx_word' id='word_1_3' title='bbox 204 374 241 420; x_wconf 79' lang='lat' dir='ltr'>ov&#39;n</span> <span class='ocrx_word' id='word_1_4' title='bbox 254 372 372 436; x_wconf 60' lang='grc' dir='ltr'><em>ὀφθήσεται</em></span> <span class='ocrx_word' id='word_1_5' title='bbox 399 375 502 430; x_wconf 84' lang='lat' dir='ltr'>Interpres</span> <span class='ocrx_word' id='word_1_6' title='bbox 516 389 565 418; x_wconf 88' lang='lat' dir='ltr'>vero</span> <span class='ocrx_word' id='word_1_7' title='bbox 578 372 677 431; x_wconf 81' lang='lat' dir='ltr'><strong>Aethiops</strong></span> <span class='ocrx_word' id='word_1_8' title='bbox 695 387 731 416; x_wconf 79' lang='lat' dir='ltr'>ro·</span> <span class='ocrx_word' id='word_1_9' title='bbox 748 418 750 422; x_wconf 15' lang='grc' dir='ltr'><em>Α</em></span> 
     </span>
     <span class='ocr_line' id='line_1_3' title="bbox 33 444 730 512; baseline -0.006 -14"><span class='ocrx_word' id='word_1_10' title='bbox 33 465 34 468; x_wconf 73' lang='grc'>’</span> <span class='ocrx_word' id='word_1_11' title='bbox 75 468 121 498; x_wconf 87' lang='lat' dir='ltr'>oem</span> <span class='ocrx_word' id='word_1_12' title='bbox 136 451 173 498; x_wconf 70' lang='grc' dir='ltr'>οὐκ</span> <span class='ocrx_word' id='word_1_13' title='bbox 186 467 228 496; x_wconf 88' lang='lat' dir='ltr'>non</span> <span class='ocrx_word' id='word_1_14' title='bbox 242 444 294 497; x_wconf 78' lang='lat' dir='ltr'>ante</span> <span class='ocrx_word' id='word_1_15' title='bbox 304 451 420 512; x_wconf 69' lang='grc' dir='ltr'><em>ὀφθήσεται</em></span> <span class='ocrx_word' id='word_1_16' title='bbox 433 450 469 494; x_wconf 87' lang='lat' dir='ltr'>sed</span> <span class='ocrx_word' id='word_1_17' title='bbox 483 459 530 494; x_wconf 89' lang='lat' dir='ltr'>ante</span> <span class='ocrx_word' id='word_1_18' title='bbox 543 448 608 511; x_wconf 72' lang='grc' dir='ltr'>ὤφθη</span> <span class='ocrx_word' id='word_1_19' title='bbox 621 452 681 511; x_wconf 83' lang='lat' dir='ltr'>legit:</span> <span class='ocrx_word' id='word_1_20' title='bbox 695 450 730 494; x_wconf 83' lang='lat' dir='ltr'>hie</span> 
     </span>
     <span class='ocr_line' id='line_1_4' title="bbox 75 527 729 587; baseline -0.002 -13"><span class='ocrx_word' id='word_1_21' title='bbox 75 531 130 574; x_wconf 86' lang='lat' dir='ltr'>enim</span> <span class='ocrx_word' id='word_1_22' title='bbox 146 545 203 573; x_wconf 86' lang='lat' dir='ltr'>error</span> <span class='ocrx_word' id='word_1_23' title='bbox 217 531 277 574; x_wconf 85' lang='lat' dir='ltr'>faoile</span> <span class='ocrx_word' id='word_1_24' title='bbox 292 530 394 574; x_wconf 78' lang='lat' dir='ltr'>committi</span> <span class='ocrx_word' id='word_1_25' title='bbox 403 529 473 587; x_wconf 90' lang='lat' dir='ltr'>potuit</span> <span class='ocrx_word' id='word_1_26' title='bbox 486 528 512 572; x_wconf 86' lang='lat' dir='ltr'>ah</span> <span class='ocrx_word' id='word_1_27' title='bbox 525 527 605 586; x_wconf 86' lang='lat' dir='ltr'>aliquo,</span> <span class='ocrx_word' id='word_1_28' title='bbox 615 530 663 587; x_wconf 82' lang='lat' dir='ltr'>qui,</span> <span class='ocrx_word' id='word_1_29' title='bbox 671 529 729 573; x_wconf 81' lang='lat' dir='ltr'>hune</span> 
     </span>
     <span class='ocr_line' id='line_1_5' title="bbox 73 605 730 663; baseline -0.002 -14"><span class='ocrx_word' id='word_1_30' title='bbox 73 608 143 651; x_wconf 87' lang='lat' dir='ltr'>locum</span> <span class='ocrx_word' id='word_1_31' title='bbox 158 606 286 659; x_wconf 85' lang='lat' dir='ltr'>describens,</span> <span class='ocrx_word' id='word_1_32' title='bbox 309 606 402 663; x_wconf 88' lang='lat' dir='ltr'>primum</span> <span class='ocrx_word' id='word_1_33' title='bbox 416 613 480 649; x_wconf 84' lang='lat' dir='ltr'>totam</span> <span class='ocrx_word' id='word_1_34' title='bbox 493 605 615 649; x_wconf 84' lang='lat' dir='ltr'>sententiam</span> <span class='ocrx_word' id='word_1_35' title='bbox 630 606 692 663; x_wconf 84' lang='lat' dir='ltr'>legit,</span> <span class='ocrx_word' id='word_1_36' title='bbox 709 613 730 649; x_wconf 85' lang='lat' dir='ltr'>et</span> 
     </span>
     <span class='ocr_line' id='line_1_6' title="bbox 72 682 729 741; baseline -0.002 -15"><span class='ocrx_word' id='word_1_37' title='bbox 72 690 118 726; x_wconf 87' lang='lat' dir='ltr'>tum</span> <span class='ocrx_word' id='word_1_38' title='bbox 133 684 209 741; x_wconf 85' lang='lat' dir='ltr'>scripto</span> <span class='ocrx_word' id='word_1_39' title='bbox 223 682 339 737; x_wconf 80' lang='lat' dir='ltr'>mandavit,</span> <span class='ocrx_word' id='word_1_40' title='bbox 356 697 398 739; x_wconf 90' lang='lat' dir='ltr'>quo</span> <span class='ocrx_word' id='word_1_41' title='bbox 415 683 478 724; x_wconf 87' lang='lat' dir='ltr'>simul</span> <span class='ocrx_word' id='word_1_42' title='bbox 494 683 573 726; x_wconf 75' lang='lat' dir='ltr'>laetum</span> <span class='ocrx_word' id='word_1_43' title='bbox 588 688 628 733; x_wconf 85' lang='lat' dir='ltr'>est,</span> <span class='ocrx_word' id='word_1_44' title='bbox 639 689 663 724; x_wconf 86' lang='lat' dir='ltr'>ut</span> <span class='ocrx_word' id='word_1_45' title='bbox 673 697 729 725; x_wconf 85' lang='lat' dir='ltr'>oom-</span> 
     </span>
     <span class='ocr_line' id='line_1_7' title="bbox 72 753 488 817; baseline -0.007 -14"><span class='ocrx_word' id='word_1_46' title='bbox 72 775 106 803; x_wconf 86' lang='lat' dir='ltr'>ma</span> <span class='ocrx_word' id='word_1_47' title='bbox 121 775 216 817; x_wconf 87' lang='lat' dir='ltr'>perverse</span> <span class='ocrx_word' id='word_1_48' title='bbox 227 765 340 815; x_wconf 80' lang='lat' dir='ltr'>poneretur</span> <span class='ocrx_word' id='word_1_49' title='bbox 356 763 402 814; x_wconf 92' lang='lat' dir='ltr'>post</span> <span class='ocrx_word' id='word_1_50' title='bbox 417 753 488 816; x_wconf 64' lang='grc' dir='ltr'><em>ὤφθη,</em></span> 
     </span>
    </p>

    <p class='ocr_par' dir='ltr' id='par_1_3' title="bbox 71 833 728 1044">
     <span class='ocr_line' id='line_1_8' title="bbox 101 833 728 893; baseline -0.003 -14"><span class='ocrx_word' id='word_1_51' title='bbox 101 837 136 882; x_wconf 86' lang='lat' dir='ltr'>Vs.</span> <span class='ocrx_word' id='word_1_52' title='bbox 144 839 181 879; x_wconf 40' lang='lat'>281</span> <span class='ocrx_word' id='word_1_53' title='bbox 192 839 331 885; x_wconf 57' lang='lat' dir='ltr'>(bfflttovt</span> <span class='ocrx_word' id='word_1_54' title='bbox 341 834 447 877; x_wconf 76' lang='lat' dir='ltr'>Laurente</span> <span class='ocrx_word' id='word_1_55' title='bbox 459 834 554 891; x_wconf 84' lang='lat' dir='ltr'>conjecit,</span> <span class='ocrx_word' id='word_1_56' title='bbox 563 833 676 893; x_wconf 82' lang='lat' dir='ltr'>legendum</span> <span class='ocrx_word' id='word_1_57' title='bbox 685 849 728 877; x_wconf 84' lang='lat' dir='ltr'>esse</span> 
     </span>
     <span class='ocr_line' id='line_1_9' title="bbox 72 910 727 968; baseline -0.002 -17"><span class='ocrx_word' id='word_1_58' title='bbox 72 916 241 964; x_wconf 55' lang='lat' dir='ltr'>MHWWB</span> <span class='ocrx_word' id='word_1_59' title='bbox 257 912 341 954; x_wconf 86' lang='lat' dir='ltr'>fortasse</span> <span class='ocrx_word' id='word_1_60' title='bbox 351 925 399 953; x_wconf 83' lang='lat' dir='ltr'>vero</span> <span class='ocrx_word' id='word_1_61' title='bbox 414 910 527 968; x_wconf 83' lang='lat' dir='ltr'>legendum</span> <span class='ocrx_word' id='word_1_62' title='bbox 541 917 571 952; x_wconf 84' lang='lat' dir='ltr'>est</span> <span class='ocrx_word' id='word_1_63' title='bbox 586 914 727 960; x_wconf 50' lang='lat' dir='ltr'>(DQ-mm:</span> 
     </span>
     <span class='ocr_line' id='line_1_10' title="bbox 71 986 726 1044; baseline -0.002 -16"><span class='ocrx_word' id='word_1_64' title='bbox 71 986 143 1029; x_wconf 71' lang='lat' dir='ltr'>eadem</span> <span class='ocrx_word' id='word_1_65' title='bbox 156 987 317 1044; x_wconf 59' lang='lat' dir='ltr'>significatione⁷</span> <span class='ocrx_word' id='word_1_66' title='bbox 332 987 425 1044; x_wconf 84' lang='lat' dir='ltr'>quamvis</span> <span class='ocrx_word' id='word_1_67' title='bbox 437 1002 541 1029; x_wconf 77' lang='lat' dir='ltr'>nunonrus</span> <span class='ocrx_word' id='word_1_68' title='bbox 552 988 575 1029; x_wconf 92' lang='lat' dir='ltr'>in</span> <span class='ocrx_word' id='word_1_69' title='bbox 583 986 665 1044; x_wconf 81' lang='lat' dir='ltr'>Lexieo</span> <span class='ocrx_word' id='word_1_70' title='bbox 673 986 695 1029; x_wconf 90' lang='lat' dir='ltr'>h.</span> <span class='ocrx_word' id='word_1_71' title='bbox 705 1002 726 1028; x_wconf 81' lang='lat' dir='ltr'>v.</span> 
     </span>
    </p>
   </div>
   <div class='ocr_carea' id='block_1_3' title="bbox 70 1060 726 1120">
    <p class='ocr_par' dir='ltr' id='par_1_4' title="bbox 70 1060 726 1120">
     <span class='ocr_line' id='line_1_11' title="bbox 70 1060 726 1120; baseline -0.003 -15"><span class='ocrx_word' id='word_1_72' title='bbox 70 1064 165 1119; x_wconf 78' lang='lat' dir='ltr'><strong>quintam</strong></span> <span class='ocrx_word' id='word_1_73' title='bbox 181 1063 350 1120; x_wconf 62' lang='lat' dir='ltr'>conjugationem</span> <span class='ocrx_word' id='word_1_74' title='bbox 367 1062 429 1104; x_wconf 84' lang='lat' dir='ltr'>huius</span> <span class='ocrx_word' id='word_1_75' title='bbox 445 1064 502 1105; x_wconf 85' lang='lat' dir='ltr'>verbi</span> <span class='ocrx_word' id='word_1_76' title='bbox 517 1078 560 1105; x_wconf 91' lang='lat' dir='ltr'>non</span> <span class='ocrx_word' id='word_1_77' title='bbox 574 1060 726 1105; x_wconf 68' lang='lat' dir='ltr'><strong>memoraverit.</strong></span> 
     </span>
    </p>
   </div>
   <div class='ocr_carea' id='block_1_4' title="bbox 47 1124 727 2876">
    <p class='ocr_par' dir='ltr' id='par_1_5' title="bbox 47 1124 727 1880">
     <span class='ocr_line' id='line_1_12' title="bbox 47 1124 727 1195; baseline 0 -15"><span class='ocrx_word' id='word_1_78' title='bbox 47 1124 52 1136; x_wconf 49' lang='lat'><em>³</em></span> <span class='ocrx_word' id='word_1_79' title='bbox 68 1138 103 1180; x_wconf 88' lang='lat' dir='ltr'>Nil</span> <span class='ocrx_word' id='word_1_80' title='bbox 119 1145 188 1180; x_wconf 88' lang='lat' dir='ltr'>tamen</span> <span class='ocrx_word' id='word_1_81' title='bbox 200 1137 298 1193; x_wconf 81' lang='lat' dir='ltr'>impedit,</span> <span class='ocrx_word' id='word_1_82' title='bbox 315 1138 427 1195; x_wconf 85' lang='lat' dir='ltr'>quominus</span> <span class='ocrx_word' id='word_1_83' title='bbox 437 1138 507 1181; x_wconf 79' lang='lat' dir='ltr'>adesse</span> <span class='ocrx_word' id='word_1_84' title='bbox 519 1139 616 1194; x_wconf 87' lang='lat' dir='ltr'>potuerit.</span> <span class='ocrx_word' id='word_1_85' title='bbox 634 1138 727 1181; x_wconf 81' lang='lat' dir='ltr'>Tandem</span> 
     </span>
     <span class='ocr_line' id='line_1_13' title="bbox 68 1212 727 1271; baseline 0.002 -17"><span class='ocrx_word' id='word_1_86' title='bbox 68 1212 104 1255; x_wconf 87' lang='lat' dir='ltr'>hie</span> <span class='ocrx_word' id='word_1_87' title='bbox 115 1213 174 1255; x_wconf 88' lang='lat' dir='ltr'>loeus</span> <span class='ocrx_word' id='word_1_88' title='bbox 185 1213 259 1255; x_wconf 90' lang='lat' dir='ltr'>melius</span> <span class='ocrx_word' id='word_1_89' title='bbox 274 1214 302 1255; x_wconf 88' lang='lat' dir='ltr'>sic</span> <span class='ocrx_word' id='word_1_90' title='bbox 309 1212 386 1271; x_wconf 80' lang='lat' dir='ltr'>legitur</span> <span class='ocrx_word' id='word_1_91' title='bbox 394 1213 417 1254; x_wconf 89' lang='lat' dir='ltr'>in</span> <span class='ocrx_word' id='word_1_92' title='bbox 424 1213 484 1256; x_wconf 88' lang='lat' dir='ltr'>Vers.</span> <span class='ocrx_word' id='word_1_93' title='bbox 491 1213 549 1254; x_wconf 77' lang='lat' dir='ltr'>Lat-z</span> <span class='ocrx_word' id='word_1_94' title='bbox 566 1218 587 1254; x_wconf 89' lang='lat' dir='ltr'>et</span> <span class='ocrx_word' id='word_1_95' title='bbox 599 1219 727 1271; x_wconf 77' lang='lat' dir='ltr'>expavescet</span> 
     </span>
     <span class='ocr_line' id='line_1_14' title="bbox 69 1288 726 1345; baseline 0.003 -14"><span class='ocrx_word' id='word_1_96' title='bbox 69 1295 134 1331; x_wconf 82' lang='lat' dir='ltr'>terra</span> <span class='ocrx_word' id='word_1_97' title='bbox 147 1304 194 1332; x_wconf 82' lang='lat' dir='ltr'>oum</span> <span class='ocrx_word' id='word_1_98' title='bbox 202 1290 248 1339; x_wconf 80' lang='lat' dir='ltr'>ltz&#39;s;</span> <span class='ocrx_word' id='word_1_99' title='bbox 259 1288 334 1331; x_wconf 81' lang='lat' dir='ltr'>vitium</span> <span class='ocrx_word' id='word_1_100' title='bbox 342 1296 412 1332; x_wconf 84' lang='lat' dir='ltr'>tamen</span> <span class='ocrx_word' id='word_1_101' title='bbox 418 1289 463 1345; x_wconf 85' lang='lat' dir='ltr'>jam</span> <span class='ocrx_word' id='word_1_102' title='bbox 474 1288 554 1332; x_wconf 80' lang='lat' dir='ltr'>affuisse</span> <span class='ocrx_word' id='word_1_103' title='bbox 561 1288 642 1332; x_wconf 81' lang='lat' dir='ltr'>videtur</span> <span class='ocrx_word' id='word_1_104' title='bbox 649 1288 672 1332; x_wconf 95' lang='lat' dir='ltr'>in</span> <span class='ocrx_word' id='word_1_105' title='bbox 677 1289 726 1333; x_wconf 83' lang='lat' dir='ltr'>Cod.</span> 
     </span>
     <span class='ocr_line' id='line_1_15' title="bbox 69 1365 726 1425; baseline -0.002 -16"><span class='ocrx_word' id='word_1_106' title='bbox 69 1366 115 1418; x_wconf 65' lang='lat' dir='ltr'>Gr„</span> <span class='ocrx_word' id='word_1_107' title='bbox 127 1365 213 1424; x_wconf 87' lang='lat' dir='ltr'>eiusque</span> <span class='ocrx_word' id='word_1_108' title='bbox 227 1365 285 1424; x_wconf 80' lang='lat' dir='ltr'>origo</span> <span class='ocrx_word' id='word_1_109' title='bbox 291 1365 353 1409; x_wconf 89' lang='lat' dir='ltr'>faoile</span> <span class='ocrx_word' id='word_1_110' title='bbox 361 1365 485 1425; x_wconf 80' lang='lat' dir='ltr'>intelligitur</span> <span class='ocrx_word' id='word_1_111' title='bbox 493 1380 505 1409; x_wconf 93' lang='lat' dir='ltr'>e</span> <span class='ocrx_word' id='word_1_112' title='bbox 513 1365 623 1423; x_wconf 78' lang='lat' dir='ltr'>depravato</span> <span class='ocrx_word' id='word_1_113' title='bbox 630 1366 679 1410; x_wconf 86' lang='lat' dir='ltr'>God.</span> <span class='ocrx_word' id='word_1_114' title='bbox 689 1366 726 1410; x_wconf 86' lang='lat' dir='ltr'>Gr.</span> 
     </span>
     <span class='ocr_line' id='line_1_16' title="bbox 68 1441 727 1500; baseline 0.002 -16"><span class='ocrx_word' id='word_1_115' title='bbox 68 1444 179 1500; x_wconf 86' lang='lat' dir='ltr'>Postquam</span> <span class='ocrx_word' id='word_1_116' title='bbox 202 1442 258 1485; x_wconf 86' lang='lat' dir='ltr'>enim</span> <span class='ocrx_word' id='word_1_117' title='bbox 274 1442 399 1499; x_wconf 83' lang='lat' dir='ltr'>praepositio</span> <span class='ocrx_word' id='word_1_118' title='bbox 413 1441 451 1486; x_wconf 77' lang='grc' dir='ltr'>σόν</span> <span class='ocrx_word' id='word_1_119' title='bbox 471 1450 519 1484; x_wconf 85' lang='lat' dir='ltr'>ante</span> <span class='ocrx_word' id='word_1_120' title='bbox 533 1447 575 1494; x_wconf 79' lang='grc' dir='ltr'><strong><em>τοῖς</em></strong></span> <span class='ocrx_word' id='word_1_121' title='bbox 587 1446 701 1487; x_wconf 79' lang='grc' dir='ltr'><em>κατοικοῦσι</em></span> <span class='ocrx_word' id='word_1_122' title='bbox 715 1458 727 1485; x_wconf 90' lang='lat' dir='ltr'>e</span> 
     </span>
     <span class='ocr_line' id='line_1_17' title="bbox 68 1517 724 1576; baseline -0.003 -13"><span class='ocrx_word' id='word_1_123' title='bbox 68 1518 144 1563; x_wconf 80' lang='lat' dir='ltr'>Codice</span> <span class='ocrx_word' id='word_1_124' title='bbox 161 1517 276 1570; x_wconf 79' lang='lat' dir='ltr'>exciderat,</span> <span class='ocrx_word' id='word_1_125' title='bbox 292 1518 325 1561; x_wconf 88' lang='lat' dir='ltr'>vel</span> <span class='ocrx_word' id='word_1_126' title='bbox 339 1517 434 1561; x_wconf 86' lang='lat' dir='ltr'>librarius</span> <span class='ocrx_word' id='word_1_127' title='bbox 447 1519 539 1562; x_wconf 79' lang='lat' dir='ltr'>Graecus</span> <span class='ocrx_word' id='word_1_128' title='bbox 552 1518 586 1561; x_wconf 83' lang='lat' dir='ltr'>vel</span> <span class='ocrx_word' id='word_1_129' title='bbox 597 1519 640 1576; x_wconf 87' lang='lat' dir='ltr'>ipse</span> <span class='ocrx_word' id='word_1_130' title='bbox 653 1519 724 1562; x_wconf 86' lang='lat' dir='ltr'>Inter-</span> 
     </span>
     <span class='ocr_line' id='line_1_18' title="bbox 66 1593 726 1651; baseline 0.006 -15"><span class='ocrx_word' id='word_1_131' title='bbox 66 1610 113 1651; x_wconf 90' lang='lat' dir='ltr'>pres</span> <span class='ocrx_word' id='word_1_132' title='bbox 126 1593 225 1651; x_wconf 87' lang='lat' dir='ltr'>Aethiops</span> <span class='ocrx_word' id='word_1_133' title='bbox 238 1593 291 1637; x_wconf 85' lang='lat' dir='ltr'>haee</span> <span class='ocrx_word' id='word_1_134' title='bbox 303 1594 366 1637; x_wconf 76' lang='lat' dir='ltr'>rerba</span> <span class='ocrx_word' id='word_1_135' title='bbox 379 1594 478 1639; x_wconf 82' lang='lat' dir='ltr'>mutanda</span> <span class='ocrx_word' id='word_1_136' title='bbox 492 1610 534 1638; x_wconf 87' lang='lat' dir='ltr'>esse</span> <span class='ocrx_word' id='word_1_137' title='bbox 550 1596 631 1638; x_wconf 84' lang='lat' dir='ltr'>censuit</span> <span class='ocrx_word' id='word_1_138' title='bbox 644 1596 667 1639; x_wconf 91' lang='lat' dir='ltr'>in</span> <span class='ocrx_word' id='word_1_139' title='bbox 678 1596 726 1648; x_wconf 70' lang='lat' dir='ltr'>totle</span> 
     </span>
     <span class='ocr_line' id='line_1_19' title="bbox 65 1669 724 1729; baseline 0.003 -16"><span class='ocrx_word' id='word_1_140' title='bbox 65 1672 204 1721; x_wconf 75' lang='grc' dir='ltr'>κατοικοῦντας</span> <span class='ocrx_word' id='word_1_141' title='bbox 218 1676 238 1712; x_wconf 86' lang='lat' dir='ltr'>et</span> <span class='ocrx_word' id='word_1_142' title='bbox 250 1670 338 1714; x_wconf 84' lang='lat' dir='ltr'>verbum</span> <span class='ocrx_word' id='word_1_143' title='bbox 345 1669 445 1728; x_wconf 79' lang='grc' dir='ltr'><strong><em>φοβέομαι</em></strong></span> <span class='ocrx_word' id='word_1_144' title='bbox 458 1672 534 1714; x_wconf 86' lang='lat' dir='ltr'>nonin</span> <span class='ocrx_word' id='word_1_145' title='bbox 546 1672 631 1729; x_wconf 80' lang='lat' dir='ltr'>passivo,</span> <span class='ocrx_word' id='word_1_146' title='bbox 639 1672 724 1715; x_wconf 90' lang='lat' dir='ltr'>notione</span> 
     </span>
     <span class='ocr_line' id='line_1_20' title="bbox 66 1745 723 1805; baseline 0.005 -18"><span class='ocrx_word' id='word_1_147' title='bbox 66 1746 231 1805; x_wconf 71' lang='lat' dir='ltr'>expavescendi,</span> <span class='ocrx_word' id='word_1_148' title='bbox 246 1745 318 1789; x_wconf 92' lang='lat' dir='ltr'>sedin</span> <span class='ocrx_word' id='word_1_149' title='bbox 327 1746 396 1789; x_wconf 87' lang='lat' dir='ltr'>medio</span> <span class='ocrx_word' id='word_1_150' title='bbox 412 1748 503 1804; x_wconf 82' lang='lat' dir='ltr'>aceepit,</span> <span class='ocrx_word' id='word_1_151' title='bbox 518 1748 602 1791; x_wconf 88' lang='lat' dir='ltr'>notione</span> <span class='ocrx_word' id='word_1_152' title='bbox 615 1748 723 1791; x_wconf 76' lang='lat' dir='ltr'>terrendi.</span> 
     </span>
     <span class='ocr_line' id='line_1_21' title="bbox 65 1821 467 1880; baseline -0.007 -7"><span class='ocrx_word' id='word_1_153' title='bbox 65 1847 95 1855; x_wconf 87' lang='lat'><em>-</em></span> <span class='ocrx_word' id='word_1_154' title='bbox 107 1821 139 1864; x_wconf 75' lang='lat' dir='ltr'>sb·</span> <span class='ocrx_word' id='word_1_155' title='bbox 153 1822 265 1873; x_wconf 66' lang='lat' dir='ltr'>attice:</span> <span class='ocrx_word' id='word_1_156' title='bbox 279 1823 334 1880; x_wconf 75' lang='lat' dir='ltr'>Lege</span> <span class='ocrx_word' id='word_1_157' title='bbox 349 1828 467 1876; x_wconf 68' lang='lat' dir='ltr'>esoce:</span> 
     </span>
    </p>

    <p class='ocr_par' dir='ltr' id='par_1_6' title="bbox 94 1894 478 1956">
     <span class='ocr_line' id='line_1_22' title="bbox 94 1894 478 1956; baseline 0.008 -13"><span class='ocrx_word' id='word_1_158' title='bbox 94 1899 130 1943; x_wconf 79' lang='lat' dir='ltr'>Vs,</span> <span class='ocrx_word' id='word_1_159' title='bbox 147 1899 183 1939; x_wconf 82' lang='lat'>31.</span> <span class='ocrx_word' id='word_1_160' title='bbox 201 1904 247 1945; x_wconf 79' lang='lat' dir='ltr'>un:</span> <span class='ocrx_word' id='word_1_161' title='bbox 262 1898 318 1956; x_wconf 76' lang='lat' dir='ltr'>Lege</span> <span class='ocrx_word' id='word_1_162' title='bbox 334 1905 392 1948; x_wconf 74' lang='lat' dir='ltr'>nor</span> <span class='ocrx_word' id='word_1_163' title='bbox 476 1894 478 1898; x_wconf 73' lang='lat'>‘</span> 
     </span>
    </p>

    <p class='ocr_par' dir='ltr' id='par_1_7' title="bbox 62 1975 722 2423">
     <span class='ocr_line' id='line_1_23' title="bbox 94 1975 722 2031; baseline 0.002 -13"><span class='ocrx_word' id='word_1_164' title='bbox 94 1975 131 2018; x_wconf 86' lang='lat' dir='ltr'>Vs.</span> <span class='ocrx_word' id='word_1_165' title='bbox 147 1976 182 2017; x_wconf 81' lang='lat'>32.</span> <span class='ocrx_word' id='word_1_166' title='bbox 199 1977 345 2030; x_wconf 62' lang='lat' dir='ltr'>Tllffit&#39;l&#39;l&#39;l</span> <span class='ocrx_word' id='word_1_167' title='bbox 360 1978 456 2018; x_wconf 83' lang='lat' dir='ltr'>Perverse</span> <span class='ocrx_word' id='word_1_168' title='bbox 471 1975 492 2018; x_wconf 90' lang='lat' dir='ltr'>h.</span> <span class='ocrx_word' id='word_1_169' title='bbox 507 1976 520 2019; x_wconf 92' lang='lat' dir='ltr'>l.</span> <span class='ocrx_word' id='word_1_170' title='bbox 536 1976 653 2031; x_wconf 86' lang='lat' dir='ltr'>perfeetum</span> <span class='ocrx_word' id='word_1_171' title='bbox 660 1991 722 2019; x_wconf 85' lang='lat' dir='ltr'>usur-</span> 
     </span>
     <span class='ocr_line' id='line_1_24' title="bbox 63 2050 721 2124; baseline 0.005 -22"><span class='ocrx_word' id='word_1_172' title='bbox 63 2068 135 2117; x_wconf 84' lang='lat' dir='ltr'>patum</span> <span class='ocrx_word' id='word_1_173' title='bbox 158 2069 188 2104; x_wconf 86' lang='lat' dir='ltr'>est</span> <span class='ocrx_word' id='word_1_174' title='bbox 206 2077 245 2118; x_wconf 84' lang='lat' dir='ltr'>pro</span> <span class='ocrx_word' id='word_1_175' title='bbox 264 2062 386 2124; x_wconf 76' lang='lat' dir='ltr'>imperfeoto</span> <span class='ocrx_word' id='word_1_176' title='bbox 402 2050 530 2111; x_wconf 62' lang='lat' dir='ltr'>ffiltfflfln:</span> <span class='ocrx_word' id='word_1_177' title='bbox 545 2058 575 2096; x_wconf 58' lang='grc' dir='ltr'>-ἓ</span> <span class='ocrx_word' id='word_1_178' title='bbox 589 2064 620 2107; x_wconf 82' lang='grc'>11],</span> <span class='ocrx_word' id='word_1_179' title='bbox 639 2070 721 2112; x_wconf 61' lang='grc' dir='ltr'>οἻΤζ</span> 
     </span>
     <span class='ocr_line' id='line_1_25' title="bbox 62 2135 722 2195; baseline 0.011 -18"><span class='ocrx_word' id='word_1_180' title='bbox 62 2135 140 2182; x_wconf 84' lang='lat' dir='ltr'>Vitiose</span> <span class='ocrx_word' id='word_1_181' title='bbox 161 2138 191 2180; x_wconf 86' lang='lat' dir='ltr'>sic</span> <span class='ocrx_word' id='word_1_182' title='bbox 213 2138 291 2195; x_wconf 81' lang='lat' dir='ltr'>legitur</span> <span class='ocrx_word' id='word_1_183' title='bbox 311 2152 349 2194; x_wconf 90' lang='lat' dir='ltr'>pro</span> <span class='ocrx_word' id='word_1_184' title='bbox 370 2141 456 2190; x_wconf 60' lang='grc' dir='ltr'>σῦῂῖξ,</span> <span class='ocrx_word' id='word_1_185' title='bbox 477 2140 612 2183; x_wconf 84' lang='lat' dir='ltr'>confirmante</span> <span class='ocrx_word' id='word_1_186' title='bbox 628 2142 722 2184; x_wconf 61' lang='lat' dir='ltr'>contexte</span> 
     </span>
     <span class='ocr_line' id='line_1_26' title="bbox 63 2212 720 2270; baseline 0.012 -16"><span class='ocrx_word' id='word_1_187' title='bbox 63 2212 155 2256; x_wconf 88' lang='lat' dir='ltr'>oratione</span> <span class='ocrx_word' id='word_1_188' title='bbox 171 2221 191 2255; x_wconf 87' lang='lat' dir='ltr'>et</span> <span class='ocrx_word' id='word_1_189' title='bbox 205 2214 305 2259; x_wconf 82' lang='lat' dir='ltr'>Versione</span> <span class='ocrx_word' id='word_1_190' title='bbox 319 2213 398 2270; x_wconf 53' lang='lat' dir='ltr'>Latinis</span> <span class='ocrx_word' id='word_1_191' title='bbox 406 2239 437 2248; x_wconf 91' lang='lat'><em>-</em></span> <span class='ocrx_word' id='word_1_192' title='bbox 447 2215 479 2259; x_wconf 75' lang='grc' dir='ltr'>ΙΙ),</span> <span class='ocrx_word' id='word_1_193' title='bbox 488 2217 560 2264; x_wconf 63' lang='grc' dir='ltr'>ἩΞῊ</span> <span class='ocrx_word' id='word_1_194' title='bbox 574 2217 599 2259; x_wconf 90' lang='lat' dir='ltr'>In</span> <span class='ocrx_word' id='word_1_195' title='bbox 609 2217 667 2262; x_wconf 77' lang='lat' dir='ltr'>Veis.</span> <span class='ocrx_word' id='word_1_196' title='bbox 677 2219 720 2262; x_wconf 78' lang='lat' dir='ltr'>Lat,</span> 
     </span>
     <span class='ocr_line' id='line_1_27' title="bbox 63 2288 721 2352; baseline 0.005 -20"><span class='ocrx_word' id='word_1_197' title='bbox 63 2290 138 2332; x_wconf 88' lang='lat' dir='ltr'>melius</span> <span class='ocrx_word' id='word_1_198' title='bbox 153 2288 242 2339; x_wconf 81' lang='lat' dir='ltr'>hahetur</span> <span class='ocrx_word' id='word_1_199' title='bbox 257 2293 340 2336; x_wconf 73' lang='lat' dir='ltr'>tontis:</span> <span class='ocrx_word' id='word_1_200' title='bbox 353 2290 451 2350; x_wconf 88' lang='lat' dir='ltr'>Aethiops</span> <span class='ocrx_word' id='word_1_201' title='bbox 462 2307 501 2349; x_wconf 92' lang='lat' dir='ltr'>pro</span> <span class='ocrx_word' id='word_1_202' title='bbox 512 2298 614 2346; x_wconf 77' lang='grc' dir='ltr'><em>τοσοῦτοις</em></span> <span class='ocrx_word' id='word_1_203' title='bbox 626 2309 721 2352; x_wconf 84' lang='lat' dir='ltr'>perverse</span> 
     </span>
     <span class='ocr_line' id='line_1_28' title="bbox 62 2365 328 2423; baseline 0.026 -17"><span class='ocrx_word' id='word_1_204' title='bbox 62 2365 136 2423; x_wconf 84' lang='lat' dir='ltr'>legisse</span> <span class='ocrx_word' id='word_1_205' title='bbox 150 2366 231 2410; x_wconf 79' lang='lat' dir='ltr'>ridetur</span> <span class='ocrx_word' id='word_1_206' title='bbox 245 2365 328 2420; x_wconf 74' lang='grc' dir='ltr'><em>τούτοις.</em></span> 
     </span>
    </p>

    <p class='ocr_par' dir='ltr' id='par_1_8' title="bbox 61 2444 719 2566">
     <span class='ocr_line' id='line_1_29' title="bbox 92 2444 719 2507; baseline 0.01 -19"><span class='ocrx_word' id='word_1_207' title='bbox 92 2444 128 2488; x_wconf 80' lang='lat' dir='ltr'>Vs.</span> <span class='ocrx_word' id='word_1_208' title='bbox 146 2447 182 2488; x_wconf 83' lang='lat'>33.</span> <span class='ocrx_word' id='word_1_209' title='bbox 202 2450 274 2493; x_wconf 78' lang='lat' dir='ltr'>H1&#39;rss:</span> <span class='ocrx_word' id='word_1_210' title='bbox 295 2446 398 2499; x_wconf 85' lang='lat' dir='ltr'>Praestat,</span> <span class='ocrx_word' id='word_1_211' title='bbox 415 2461 464 2490; x_wconf 85' lang='lat' dir='ltr'>eum</span> <span class='ocrx_word' id='word_1_212' title='bbox 478 2447 536 2493; x_wconf 76' lang='lat' dir='ltr'>vers.</span> <span class='ocrx_word' id='word_1_213' title='bbox 553 2448 596 2493; x_wconf 84' lang='lat' dir='ltr'>Lat.</span> <span class='ocrx_word' id='word_1_214' title='bbox 611 2449 682 2507; x_wconf 80' lang='lat' dir='ltr'>legere</span> <span class='ocrx_word' id='word_1_215' title='bbox 697 2459 719 2500; x_wconf 83' lang='lat' dir='ltr'>(l)</span> 
     </span>
     <span class='ocr_line' id='line_1_30' title="bbox 61 2523 118 2566; baseline -0.018 0"><span class='ocrx_word' id='word_1_216' title='bbox 61 2523 118 2566; x_wconf 67' lang='lat' dir='ltr'>t&#39;tssll</span> 
     </span>
    </p>

    <p class='ocr_par' dir='ltr' id='par_1_9' title="bbox 62 2594 719 2731">
     <span class='ocr_line' id='line_1_31' title="bbox 91 2594 719 2658; baseline 0.013 -19"><span class='ocrx_word' id='word_1_217' title='bbox 91 2594 126 2639; x_wconf 76' lang='lat' dir='ltr'>Vs.</span> <span class='ocrx_word' id='word_1_218' title='bbox 143 2599 179 2641; x_wconf 85' lang='lat'>34.</span> <span class='ocrx_word' id='word_1_219' title='bbox 201 2599 272 2650; x_wconf 52' lang='lat' dir='ltr'>&#39;Hyle</span> <span class='ocrx_word' id='word_1_220' title='bbox 294 2598 349 2657; x_wconf 82' lang='lat' dir='ltr'>Lege</span> <span class='ocrx_word' id='word_1_221' title='bbox 363 2601 447 2652; x_wconf 65' lang='grc' dir='ltr'>Ἡῖτζ,</span> <span class='ocrx_word' id='word_1_222' title='bbox 469 2615 518 2644; x_wconf 87' lang='lat' dir='ltr'>nam</span> <span class='ocrx_word' id='word_1_223' title='bbox 536 2601 641 2658; x_wconf 81' lang='lat' dir='ltr'>pendete</span> <span class='ocrx_word' id='word_1_224' title='bbox 657 2605 719 2647; x_wconf 85' lang='lat' dir='ltr'>verbo</span> 
     </span>
     <span class='ocr_line' id='line_1_32' title="bbox 62 2673 282 2731; baseline 0.005 -16"><span class='ocrx_word' id='word_1_225' title='bbox 62 2673 156 2731; x_wconf 84' lang='lat' dir='ltr'>sequenti</span> <span class='ocrx_word' id='word_1_226' title='bbox 171 2677 282 2729; x_wconf 59' lang='lat' dir='ltr'>&#39;fflfflflss</span> 
     </span>
    </p>

    <p class='ocr_par' dir='ltr' id='par_1_10' title="bbox 90 2750 718 2811">
     <span class='ocr_line' id='line_1_33' title="bbox 90 2750 718 2811; baseline 0.01 -16"><span class='ocrx_word' id='word_1_227' title='bbox 90 2750 126 2795; x_wconf 84' lang='lat' dir='ltr'>Vs.</span> <span class='ocrx_word' id='word_1_228' title='bbox 150 2752 185 2794; x_wconf 81' lang='lat'>37.</span> <span class='ocrx_word' id='word_1_229' title='bbox 207 2754 284 2802; x_wconf 69' lang='lat' dir='ltr'>h¹stP5</span> <span class='ocrx_word' id='word_1_230' title='bbox 311 2753 431 2811; x_wconf 83' lang='lat' dir='ltr'>Legendum</span> <span class='ocrx_word' id='word_1_231' title='bbox 453 2755 533 2799; x_wconf 80' lang='lat' dir='ltr'>videtur</span> <span class='ocrx_word' id='word_1_232' title='bbox 553 2757 632 2809; x_wconf 68' lang='lat' dir='ltr'>h&#39;stB:</span> <span class='ocrx_word' id='word_1_233' title='bbox 648 2773 718 2802; x_wconf 85' lang='lat' dir='ltr'>sensus</span> 
     </span>
    </p>

    <p class='ocr_par' dir='ltr' id='par_1_11' title="bbox 593 2837 631 2876">
     <span class='ocr_line' id='line_1_34' title="bbox 593 2837 631 2876; baseline 0 -13"><span class='ocrx_word' id='word_1_234' title='bbox 593 2837 631 2876; x_wconf 65' lang='lat' dir='ltr'>ps</span> 
     </span>
    </p>
   </div>
   <div class='ocr_carea' id='block_1_5' title="bbox 0 0 884 3351">
    <p class='ocr_par' dir='ltr' id='par_1_12' title="bbox 0 0 884 3351">
     <span class='ocr_line' id='line_1_35' title="bbox 0 0 884 3351; baseline 0 4"><span class='ocrx_word' id='word_1_235' title='bbox 0 0 884 3351; x_wconf 95' lang='lat' dir='ltr'> </span> 
     </span>
    </p>
   </div>
  </div>
 </body>
</html>
