1758 3351
482 274 510 313 38

174 404 218 438 tuni
231 397 259 438 sio
271 398 327 452 lege:
342 401 363 437 et
375 398 431 438 steret
442 398 579 439 commotione
587 398 747 441 commovebitur
755 401 820 442 loeus.

172 473 189 513 E
202 470 279 527 syllaba
290 485 324 521 oe,
337 486 349 513 a
361 485 411 514 voce
422 469 678 530 suadistraota‚faoileper
687 473 821 531 bisseriptam

138 603 140 606 v
171 553 291 602 sequentem
307 546 387 589 literam
398 564 410 590 o
422 546 520 589 hodierna
532 545 593 588 leetio
606 555 650 592 orta
657 531 698 591 est:
711 551 768 592 som
777 549 821 594 h.l.

171 623 262 664 occurrit
276 637 313 679 pro
327 637 392 680 qoem
399 624 510 681 primum,
527 621 565 664 nisi
580 622 692 680 legendum
705 625 730 667 sit
745 627 773 667 st.

199 697 235 742 Vs.
251 701 285 741 15.
301 699 405 756 loquitor.
435 699 460 741 In
474 683 533 744 Vers.
546 698 605 741 Aeth.
617 700 690 742 melius
702 702 779 759 legitur
790 702 821 744 lo-

170 787 225 830 quor
244 779 318 817 tecnon.
348 775 439 817 Fortasse
458 775 531 818 vitium
549 776 593 831 jam
609 775 668 818 latuit
680 776 702 818 in
715 777 764 819 Cod.
783 778 819 820 Gr.

170 862 212 905 quo
234 863 283 891 usus
303 858 332 891 est
353 850 456 905 Interpres
474 851 564 893 Latinus.
582 874 606 881 -
624 851 655 894 lh.
678 853 820 909 intellegetur.

168 923 220 965 Cum
234 924 293 968 Vers.
307 924 366 966 Aeth.
379 925 448 978 potius
462 926 508 982 lege
521 927 632 983 intelleget
646 927 679 980 r'd.
693 928 821 972 Vitiumfor-

169 1007 222 1041 tasse
240 1000 372 1042 commissum
387 1006 417 1040 est
428 999 454 1041 ab
467 1000 511 1056 ipso
525 999 650 1055 interprete,
666 1002 768 1045 Graecum
782 1019 821 1046 vo-

169 1074 267 1118 cabulum
281 1075 376 1130 pretorem
389 1092 483 1133 perverse
498 1077 596 1119 reddente
611 1059 716 1135 intelleges

197 1151 231 1195 Vs.
252 1155 286 1195 16.
309 1151 436 1198 Triemeset't.
467 1155 522 1195 Ante
540 1153 580 1197 hoo
598 1152 723 1195 vocabulum
739 1167 820 1196 comma

166 1226 285 1283 ponendum
300 1237 340 1281 est,
348 1229 457 1286 ipsumque
464 1237 527 1290 rruuta
540 1230 562 1272 in
576 1236 703 1272 tremesoet:
711 1229 771 1272 sicuti
781 1245 818 1286 pro

166 1317 214 1345 mox
227 1305 321 1361 sequenti
333 1311 474 1349 commoretur
485 1308 508 1348 in
521 1308 557 1349 Ms.
575 1308 680 1364 Sangerm.
695 1313 751 1348 recte
764 1321 818 1363 quo-

166 1393 208 1436 que
222 1380 298 1438 iegitur
312 1382 481 1435 commovebitur,
495 1382 635 1424 consentiente
650 1380 756 1438 Aethiope.

195 1457 229 1502 Vs.
245 1460 280 1500 20.
297 1463 320 1499 et
337 1472 408 1500 ommes
427 1459 528 1500 m'olebmtt
543 1460 617 1500 stom.
649 1458 673 1499 In
684 1459 742 1503 Vero.
755 1457 816 1501 Aeth.

164 1532 238 1574 melius
250 1533 327 1590 legitur
339 1538 361 1575 et
372 1548 443 1576 ommes
456 1534 557 1576 ot'debzmt
570 1548 608 1576 me.
633 1534 673 1575 Pro
683 1531 721 1589 ἐμὲ
733 1534 816 1576 Latinus

163 1609 217 1651 male
235 1608 287 1666 legit
301 1606 350 1664 ἃμα.
374 1609 409 1652 Sio
427 1610 487 1651 etiarn
500 1609 566 1666 Apoo.
580 1609 625 1651 Joh.
641 1611 687 1652 XX.
703 1612 730 1650 12
746 1624 816 1653 omnes

162 1685 239 1726 mortui
254 1684 352 1727 dieantur
366 1692 419 1727 stare
433 1682 518 1728 ἐνώπιον
529 1688 567 1728 τοῦ
580 1687 637 1727 θεοῦ,

191 1760 226 1803 Vs.
242 1762 278 1801 21.
300 1764 321 1801 et
334 1762 405 1802 vivent
420 1765 441 1801 et
458 1760 626 1801 suscitabuntur.
654 1760 683 1801 Gl.
697 1774 716 1801 v.
727 1760 747 1802 d.
757 1761 815 1802 Palm

162 1842 233 1892 putat⁷
255 1843 360 1879 auctorem
380 1834 507 1893 significare,
525 1850 559 1877 eos
576 1835 662 1878 infantes
684 1842 719 1877 aut
735 1836 757 1877 in
773 1835 815 1879 virt

162 1926 268 1954 mansuros
284 1927 326 1954 esse
340 1919 376 1954 aut
385 1899 400 1953 e
412 1919 478 1955 morte
494 1911 635 1953 resuscitatum
649 1912 683 1952 iri.
708 1911 749 1953 Sed
759 1910 815 1954 haud
840 1903 841 1906 ¹

161 1987 203 2030 seio
220 2003 246 2030 an
261 1987 311 2029 ordo
323 1987 435 2029 verborum
453 1985 584 2044 ingeniosum
600 1986 734 2041 interpretem
745 1975 770 2029 ¹in
783 2001 814 2028 er-

160 2078 229 2106 rorem
245 2062 356 2105 induxerit.
382 2062 407 2105 ln
420 2062 478 2107 Vers.
492 2061 551 2103 Aeth.
566 2061 640 2102 melius
655 2061 684 2102 sio
693 2062 778 2118 legitur:
793 2068 815 2103 et

151 2139 322 2182 *suscitabuntur
335 2143 357 2179 et
369 2140 446 2189 vivent,
464 2126 480 2178 ἱ.1
495 2152 513 2179 e.
528 2142 549 2179 et
561 2139 585 2179 im
599 2138 666 2178 m'tom
681 2138 813 2180 vocabuntur

160 2220 181 2258 et
194 2216 272 2257 oioemt.
302 2213 392 2256 infantes
416 2215 471 2256 enim
486 2214 550 2255 trium
563 2212 596 2255 vel
610 2221 697 2270 quatuor
709 2213 812 2255 mensium

159 2291 252 2333 nondum
269 2290 310 2346 apti
330 2297 388 2342 sunt,
411 2292 448 2348 qui
463 2290 579 2347 pariantur,
595 2305 666 2332 verum
680 2306 704 2333 eo
719 2300 812 2347 tempore

159 2367 213 2409 Deus
235 2366 281 2408 ilios
300 2366 400 2419 infantes,
418 2368 456 2410 etsi
470 2367 609 2423 inopportune
629 2373 697 2418 natos,
712 2365 811 2407 inritam

158 2444 249 2495 uocabit,
266 2449 286 2485 et
299 2442 322 2484 hi
336 2445 359 2485 in
373 2444 415 2487 vita
429 2443 551 2485 manebunt.

187 2520 222 2564 Vs.
238 2522 274 2562 24.
296 2535 343 2562 eom
359 2521 401 2563 Iris.
432 2518 457 2561 In
476 2525 565 2575 utraque
581 2516 639 2562 Vers.
656 2517 735 2559 Orieut.
755 2523 810 2560 reete

88 2627 90 2629 »
157 2596 240 2640 additur
252 2599 291 2654 qui
307 2598 332 2643 ire
348 2599 375 2640 eot
388 2593 458 2654 (rent)
472 2597 553 2638 viveret.
577 2593 671 2637 Fortassis
685 2592 736 2636 haee
748 2593 810 2636 verba

153 2674 197 2729 J'am
213 2672 379 2716 desiderabantur
394 2672 417 2714 in
431 2671 532 2716 GodGr.
664 2656 666 2665 V
734 2668 736 2670 ’

185 2750 219 2795 Vs.
231 2750 267 2793 262
281 2750 456 2793 inhabitantium.
467 2748 547 2794 EVers.
556 2745 617 2790 Aah.
627 2747 699 2804 supple
706 2749 730 2789 io
739 2755 807 2788 terra.
