1758 3351
450 253 490 295 108

145 379 204 438 quod
217 379 309 422 iteradum
325 378 406 436 agitat
420 376 541 428 soeculorum
558 379 584 420 ef.
601 394 629 421 vs.
647 382 673 422 27
688 379 748 423 huius
763 393 800 423 ua-

143 457 202 513 pitis,
225 454 313 497 fortassis
331 453 383 497 haee
402 454 462 512 verba
474 453 519 509 jam
532 452 701 498 desiderabantur
716 457 738 500 in
752 455 800 500 Cod.

144 533 194 585 Gr,
210 546 252 589 quo
267 547 317 575 usus
332 532 357 574 sit
371 530 477 586 Aethiops.
617 569 619 571 .

173 609 210 654 Vs.
228 611 264 652 33.
283 610 353 656 (ΒΜ
368 607 419 650 liele
432 607 529 663 copulam
537 613 573 659 (Ι),
585 621 638 663 quae
651 624 662 650 e
675 609 800 652 creberrimo

145 684 188 727 eius
201 699 241 727 usn
254 683 274 727 h.
288 685 302 726 l.
317 698 355 739 per
369 697 459 725 errorem
474 683 550 740 scripta
565 689 601 726 est.
632 683 686 726 Ante
701 686 748 732 hh:
767 669 809 728 ers

146 761 196 805 cidl't
208 762 308 810 :rimus
321 784 352 790 -·
366 760 397 804 Π).
413 762 556 816 (ὓῖὶῷἓῆζξ
572 762 643 812 ileu:
663 761 703 802 Pro
716 760 747 802 his
762 775 802 804 ro-

146 837 224 881 cahnlis
237 837 260 879 in
275 837 334 881 Vers.
347 838 390 880 Lat.
408 844 464 879 reete
477 837 555 894 legitur
563 840 722 895 promtuaria·
739 837 802 880 modo

145 912 200 956 enim
213 926 280 954 sermo
294 913 334 953 fuit
348 911 374 953 de
392 911 512 967 corporibus
527 913 683 966 resuscitandis,
695 913 802 968 jamvero

145 988 213 1045 agitur
223 987 248 1030 de
262 987 341 1039 animis,
353 1001 406 1044 quae
418 987 441 1029 in
455 986 585 1043 promtuariis
600 995 720 1040 servantum
735 990 760 1031 ef.
775 989 802 1031 Il.

147 1066 182 1107 44.
198 1065 283 1106 Latinus
295 1063 396 1119 interpres
409 1063 432 1104 in
445 1062 492 1106 Cod.
507 1063 543 1105 Gr.
557 1069 614 1105 reete
627 1062 678 1121 legit
688 1061 715 1109 ro*
723 1068 803 1117 ταμεῖα,

146 1140 182 1199 sed
202 1140 224 1181 in
240 1140 324 1191 Codice,
348 1153 390 1196 quo
407 1153 456 1181 usus
476 1140 501 1181 sit
520 1128 628 1195 Aethiops,
643 1139 727 1181 fortasse
741 1139 803 1197 lege-

145 1218 206 1259 batur
228 1234 255 1260 τα
267 1235 294 1260 τα
307 1233 369 1270 μετα,
388 1215 445 1272 quod
462 1214 497 1257 hic
517 1230 613 1272 perverse
630 1217 729 1273 seriptum
742 1223 803 1272 puta-

146 1292 176 1334 vit
195 1306 233 1349 pro
250 1289 303 1344 μετά
321 1294 396 1343 ταῦτα,
418 1291 457 1333 nisi
471 1292 494 1332 in
507 1290 556 1334 God.
573 1292 609 1334 Gr.
622 1291 676 1336 harre
692 1291 803 1334 lectionem

145 1370 190 1426 jam
206 1368 315 1411 invenerit.
346 1367 449 1412 Versionis
466 1366 550 1411 Latinae
562 1368 702 1426 integritatem
714 1367 804 1410 vindicat

148 1446 231 1489 affixum
248 1449 311 1491 U'ov:
328 1443 351 1484 in
366 1447 509 1490 mulsere:
539 1443 578 1486 llio
590 1443 647 1486 loeus
659 1451 728 1500 aperte
744 1443 804 1487 docet

148 1520 270 1576 Aethiopem
284 1517 372 1560 subinde
389 1532 432 1560 non
451 1518 585 1570 intellexisse,
604 1532 658 1575 quae
679 1518 803 1570 reddiderit,

148 1612 197 1640 uam
211 1602 278 1637 textus
293 1593 425 1650 Aethiopicus
440 1594 523 1636 nullum
538 1609 621 1636 sensum
635 1595 726 1651 praehet.

177 1675 214 1719 Vs.
231 1674 267 1715 34.
289 1676 392 1727 HMRL:
412 1671 437 1713 Iu
456 1670 556 1716 Versione
574 1670 645 1713 Latiud
659 1679 715 1714 reete
728 1673 804 1730 legitur

144 1750 236 1810 judicii.
250 1748 290 1789 Pro
301 1749 337 1802 τῆς
343 1744 429 1803 κρίσεως
442 1746 540 1802 Aethiops
549 1747 603 1789 male
613 1747 664 1803 legit
674 1750 710 1803 τῆς
720 1749 805 1799 κτίσεως.

179 1827 216 1871 Vs.
230 1826 266 1866 35.
283 1823 411 1869 (ltil'fflss'ht
426 1822 505 1865 Graece
517 1822 669 1879 proculdubio
681 1822 721 1865 fuit
735 1821 808 1880 διαβή-

151 1919 229 1953 σονται,
250 1898 338 1942 docente
352 1898 411 1942 Vers.
428 1899 472 1941 Lat.
503 1898 582 1941 Auctor
596 1899 697 1940 nimirum
713 1898 735 1942 h.
755 1899 770 1943 l.
784 1899 807 1941 in

152 1995 176 2022 eo
191 1984 232 2028 est,
252 1983 276 2017 ut
295 1974 432 2026 demonstret,
448 1982 540 2031 tempore
553 1975 622 2017 ultimi
633 1975 708 2032 judieii
720 1976 806 2018 miseri-

152 2052 233 2098 cordiae
249 2059 269 2093 et
282 2050 433 2107 longanimitati
449 2051 520 2094 locum
537 2067 580 2094 non
593 2051 686 2093 futurum
701 2067 755 2103 esse,
772 2051 808 2101 sed

150 2128 254 2186 judicium
269 2126 306 2168 Ilei
316 2126 397 2181 justum
411 2134 432 2168 et
446 2141 540 2170 severum
554 2128 660 2180 futurum;
675 2129 760 2171 fortasse
774 2131 823 2171 tiro

153 2207 223 2249 deerat
237 2205 260 2246 in
275 2202 349 2247 Codice
364 2203 454 2254 Graeco,
471 2218 513 2261 quo
528 2219 576 2246 usus
592 2204 617 2246 sit
632 2203 737 2261 Aethiops,

182 2282 218 2327 Vs.
235 2283 271 2323 36.
286 2280 348 2322 Deest
362 2277 397 2321 hie
408 2294 479 2322 versus
491 2280 515 2322 in
527 2280 628 2325 Versioue
642 2280 720 2332 Latinal,
735 2288 755 2322 et
765 2280 809 2322 sine

153 2359 197 2400 ullo
208 2357 284 2400 damno
298 2355 364 2398 omitti
378 2363 449 2413 potest.
464 2356 555 2398 Fortasse
566 2371 603 2411 pro
614 2358 740 2405 ἱτῡἹΨἚζ,
753 2340 813 2412 ᾳυοᾶ
864 2360 866 2364 ’

153 2435 176 2476 in
198 2432 292 2490 sequenti
312 2446 372 2475 versu
392 2431 480 2489 legitur,
503 2431 529 2474 ad
543 2433 658 2489 marginem
673 2439 742 2475 notata
755 2431 807 2483 fuit,

155 2518 252 2567 tanquam
265 2508 345 2551 varians
358 2507 432 2558 lectio,
449 2522 487 2550 vox
499 2514 592 2560 ΙΗΗΛ-ζ,
608 2523 662 2566 qnae
680 2507 768 2550 similem
782 2508 809 2549 si-

156 2587 309 2646 gnificationem
323 2584 392 2637 hahet,
403 2592 466 2641 atque
476 2585 572 2642 deinceps
579 2584 630 2629 alius
641 2586 726 2640 putavit,
736 2600 808 2628 rocem
819 2587 821 2590 ⁴

155 2670 238 2714 ΗΜΛ-ζ
253 2663 276 2703 in
289 2669 368 2704 testum
382 2660 444 2704 etiam
460 2661 599 2718 recipiendam
612 2675 667 2711 esse,
681 2668 701 2704 et
711 2661 823 2705 facillime

155 2741 210 2785 haue
222 2738 314 2796 recipere
327 2738 404 2794 potuit,
420 2738 509 2793 repetito
523 2737 587 2781 verbo
604 2739 747 2789 (nll'ilrflslffl
