1758 3351
440 216 466 259 71

125 345 163 393 bn,
181 342 254 384 erroris
265 341 296 383 sui
311 355 358 382 moi
368 340 471 389 conscius,
482 340 592 395 genuinam
604 353 677 382 rocem
692 337 780 389 addidit,

124 419 218 461 vitiosam
233 423 303 460 autem
318 432 359 459 non
374 416 455 459 delevit.

153 494 187 539 Vs.
204 497 238 537 52.
255 496 314 535 sicut
326 518 349 524 -
360 480 441 535 ¹czaris.
473 492 524 533 Tota
536 490 588 532 haee
600 491 700 534 sententia
709 491 733 533 in
742 492 779 534 tls.

123 571 230 628 Sangerm.
247 570 275 612 sic
287 569 374 627 tegitur:
390 570 448 610 sicut
461 582 502 609 noo
513 573 589 626 potest
604 570 730 611 scrittiuore
744 569 780 611 oei

123 650 186 695 scire,
197 649 259 706 pois,
267 647 332 706 pisid
342 648 373 688 sit
385 648 409 687 io
419 646 535 704 pitissando
549 647 631 696 utaris,
648 659 702 701 quae
714 648 778 689 verba

119 726 205 783 egregie
221 712 347 768 conveniunt
361 736 409 764 curn
416 722 474 766 Veis.
487 721 556 774 Aetli,
572 729 635 779 atque
649 722 713 763 textui
724 722 778 764 edito

122 810 169 845 sunt
182 799 323 858 praeferenda.
355 800 429 842 Utrum
444 813 483 841 vox
500 801 629 841 sortitinare
642 799 668 840 sit
680 800 776 856 genuina,

121 895 147 921 an
159 892 208 920 sero
222 890 260 933 pro
278 876 302 918 ed
316 875 429 934 legendum
443 877 468 918 sit
481 868 594 928 serutari,
610 876 631 918 in
646 876 699 918 libro
707 909 713 928 ,
734 885 776 919 tarn

91 979 93 982 ·
120 954 251 1012 negligenter
266 952 348 1009 scripto,
360 952 446 995 definire
458 966 501 994 non
513 952 610 1006 audeam3
625 954 775 997 certeinVcrs.

120 1031 184 1073 Latin.
201 1030 233 1072 Ps.
250 1032 286 1073 63,
306 1029 411 1086 tlegitur
429 1030 567 1071 sciscitatum.

149 1107 185 1150 Vs.
202 1108 237 1148 53.
250 1105 287 1147 liic
295 1105 362 1147 solus.
378 1105 417 1147 Pro
429 1105 467 1148 tto
478 1105 526 1162 lege
537 1105 583 1156 laos,
598 1118 674 1160 nempe
685 1105 775 1147 somnio.

148 1181 184 1226 Vs.
199 1183 234 1224 54.
251 1180 393 1239 dereliquisti
407 1195 452 1239 sqq.
474 1181 499 1222 In
513 1181 571 1225 Vers.
584 1179 644 1223 aeth.
658 1179 732 1221 melius
743 1179 777 1221 le-

121 1258 176 1316 gitur
189 1257 331 1315 dereliquisti
344 1255 400 1299 eoi'm
418 1260 508 1316 negotio
522 1262 571 1310 tua,
589 1262 611 1298 et
624 1271 673 1298 mea
691 1261 777 1298 secutus

120 1348 153 1384 es,
170 1334 275 1392 allegem
291 1348 361 1375 msam
378 1335 523 1391 quaesivisti,
538 1332 637 1391 quocirca
649 1340 728 1375 textum
739 1329 778 1375 Lass

120 1409 189 1451 tinum
204 1409 233 1451 sio
252 1409 308 1466 lege:
329 1408 478 1467 Dereliquisti
491 1412 548 1451 enim
563 1414 602 1451 tua
617 1415 639 1451 et
654 1411 715 1451 circa
729 1424 777 1451 meo

119 1487 205 1527 vacasti
219 1490 240 1526 et
253 1486 323 1543 legem
335 1499 405 1527 meam
417 1486 533 1543 quaesisti.
559 1485 640 1530 Vitium
651 1485 713 1527 facile
727 1485 776 1528 oriri

118 1562 198 1617 potuit,
224 1561 298 1603 vocula
319 1567 342 1603 et
362 1568 408 1617 post
430 1561 500 1620 legem
520 1561 606 1617 scripti,
629 1561 704 1604 omissd
725 1576 776 1604 soce

118 1650 196 1688 meam
212 1643 322 1693 postquam
335 1635 388 1679 haec
400 1637 517 1694 depravatio
530 1637 652 1694 irrepserat,
668 1637 720 1680 alius
733 1653 775 1682 vo-

119 1713 193 1756 cahula
209 1719 247 1756 tua
265 1721 285 1755 et
297 1728 345 1756 mea
359 1714 431 1756 sitisse
447 1714 523 1771 scripta
536 1715 616 1772 putarit
628 1729 666 1772 pro
679 1720 739 1757 tuam
755 1723 776 1757 et

117 1804 198 1841 meam,
215 1804 240 1833 ea
252 1789 279 1832 ad
291 1791 362 1849 legem
376 1791 473 1833 reserens.

147 1866 182 1910 Vs.
197 1870 233 1908 55.
248 1872 314 1910 ticoni.
345 1866 397 1910 Cum
409 1867 467 1912 Vers.
479 1866 539 1911 Aethi
550 1863 622 1923 'potios
633 1868 680 1925 lege
692 1873 759 1912 tuoni.

146 1942 181 1986 Vs.
197 1943 232 1984 56.
249 1943 336 1985 ostendi
348 1944 394 1986 titi.
421 1944 468 1985 Post
480 1942 532 1986 haec
545 1943 607 1985 verba
620 1958 669 1986 curn
684 1945 774 2001 utrisque

117 2016 175 2061 Veis.
189 2017 268 2060 Orient.
282 2018 358 2061 insere:
375 2019 442 2073 iaco,
458 2033 509 2060 nam
524 2023 570 2061 tua.

145 2093 181 2137 Vs.
196 2096 231 2137 58.
247 2097 325 2153 dietim.
347 2096 394 2137 Post
407 2094 448 2137 hoo
460 2095 586 2139 vocabulum
599 2096 733 2140 inserendum
743 2105 773 2140 cst

118 2174 212 2228 terimus,
227 2171 367 2214 consentiente
382 2172 471 2229 utrique
485 2172 544 2217 Vers.
555 2172 639 2216 Orient.

396 2352 492 2370 *sp*-

351 2472 446 2542 cir.
480 2493 536 2541 siv.

145 2613 180 2658 Vs.
198 2618 217 2658 2.
239 2616 273 2660 De
294 2616 352 2659 inho.
389 2617 445 2661 Haec
466 2617 565 2661 vocabula
585 2618 659 2662 desunt
676 2620 699 2662 in
712 2621 770 2666 Veis.

121 2689 192 2742 teth„
214 2699 234 2734 et
247 2700 312 2746 recte,
328 2695 359 2736 uti
373 2693 464 2746 ridetur,
480 2709 529 2739 narn
546 2695 567 2738 in
582 2696 712 2754 praecedenti
725 2712 770 2741 vers
