1758 3351
358 551 477 609 CAPUT
498 549 674 606 TERTIUM.
714 551 721 556 ’
782 561 784 563 ’

247 862 281 903 DE
297 860 473 909 ARGUMENTO,
490 860 594 901 AETATE
606 861 639 902 ET
654 859 776 904 AUCTORE

425 961 505 1004 Holus
522 960 600 1002 LIBRI.

462 1130 558 1147 4-

214 1276 247 1318 ad
259 1275 344 1317 tertium
359 1274 443 1318 tandem
457 1275 523 1331 Caput
533 1274 663 1326 accedimus,
675 1289 717 1332 quo
730 1288 840 1332 argumen-

186 1360 232 1394 tum
247 1350 309 1392 huius
329 1350 379 1391 libri
400 1350 550 1405 enarrabimus,
571 1358 592 1392 et
604 1349 631 1391 de
643 1350 686 1392 eius
699 1357 765 1392 aetate
779 1358 841 1407 atque

186 1435 270 1471 auctore
280 1433 381 1476 nostram,
398 1425 568 1482 qualemcunque
581 1423 665 1466 tandem
676 1424 745 1476 illam,
760 1425 841 1481 opinio-

185 1517 245 1563 nem=
253 1502 388 1558 proferemus.
418 1501 497 1557 Aptum
511 1500 571 1542 nobis
584 1500 651 1543 risum
666 1508 707 1552 est,
724 1507 765 1542 tres
780 1499 841 1543 hasce

186 1579 314 1636 quaestiones
332 1577 470 1634 conjungere,
485 1590 546 1626 nam,
562 1583 586 1618 ut
594 1575 648 1618 duae
659 1577 782 1633 posteriores
794 1590 840 1620 arc-

185 1654 263 1696 tissime
274 1653 329 1695 inter
342 1668 364 1694 se
377 1667 480 1696 connexae
493 1660 550 1704 sunt,
561 1652 591 1695 ita
604 1659 678 1710 neutra
693 1653 797 1695 sinehene
806 1653 841 1695 in-

185 1731 269 1773 tellecta
288 1729 355 1785 prima
374 1730 494 1785 quaestione
514 1728 611 1785 explicari
626 1735 699 1785 potest.
729 1728 781 1771 Cum
790 1714 841 1770 'vero

185 1815 227 1854 tres
247 1804 286 1847 hae
295 1824 297 1827 ·
306 1804 434 1861 quaestiones
453 1804 550 1861 explicari
568 1811 683 1862 nequeant,
697 1804 737 1846 nisi
749 1805 841 1861 primum

185 1882 234 1925 libri
254 1887 321 1923 textus
341 1881 396 1923 bene
413 1881 542 1939 intelligatur
556 1888 601 1924 eta
617 1880 745 1938 gravioribus
762 1880 841 1923 mendis

185 1959 297 2010 liberetur,
318 1965 390 2015 aptum
409 1958 479 2001 locum
501 1965 588 2014 occupat
600 1957 666 2013 Caput
679 1957 744 2001 hocce
758 1958 842 2001 tertium

185 2042 231 2092 post
246 2034 287 2077 dno
302 2034 377 2090 priora.

336 2200 347 2254 ὃ
365 2205 385 2243 l'.
417 2201 545 2245 Errarrctr'o
563 2181 695 2260 atqumena'.

219 2337 369 2397 (attauh.
385 2337 407 2382 C.
416 2337 453 2381 ΙΠ.
461 2338 487 2383 V.
495 2335 548 2394 Lat.)
564 2337 626 2380 Anno
638 2338 741 2381 tricesimo
754 2339 842 2394 Captivi-

187 2416 234 2458 tatis
246 2414 383 2472 Babylonicac
395 2416 447 2458 Ezra
464 2414 545 2457 vivebat
561 2413 677 2471 Babylone,
692 2416 763 2472 ibique
779 2415 842 2459 vehem

187 2499 269 2534 menter
282 2491 364 2534 dolebat
377 2499 445 2534 terrae
460 2489 557 2534 Judaicae
570 2490 739 2543 devastationem,
753 2507 793 2535 nec
806 2492 841 2534 in-

190 2568 283 2626 telligere
297 2575 387 2624 poterat,
403 2582 468 2625 quare
481 2566 535 2609 Deus
548 2562 659 2619 Israelitas‚
671 2568 773 2624 populum
780 2584 841 2611 suum

188 2646 288 2694 electum,
302 2649 345 2685 tam
360 2643 455 2701 gravibus
466 2643 568 2687 afflixisset
579 2643 645 2698 malis,
658 2649 720 2702 atque
727 2645 840 2689 Gentilium

188 2719 348 2778 Babyloniorum
363 2735 393 2762 res
406 2720 487 2763 lecisset
499 2734 613 2777 prosperas,
628 2720 677 2777 quin
690 2719 721 2763 his
732 2721 777 2764 illos
788 2723 842 2766 sub«
