1758 3351
365 271 392 311 19

49 396 155 440 Israelitici
169 396 272 439 exsulibus
285 396 322 448 ait,
341 402 387 446 eos,
403 395 495 451 quamvis
509 395 625 438 carnalibus
637 395 701 437 oculis

49 473 150 516 miracula
162 471 200 514 Dei
215 471 272 531 (puta
283 471 432 529 apparitionem
442 469 491 511 Jesu
502 469 524 510 in
538 470 599 529 terra)
614 487 657 514 non
672 471 703 512 vi-

49 549 129 600 den'ut,
144 548 177 590 rel
192 547 222 590 sic
235 556 304 592 tamen
317 547 390 604 spiritu
404 560 428 588 ea
440 545 527 597 credere,
540 544 564 603 (1.
580 549 619 599 35,
636 546 683 604 37).
705 538 708 543 ¹

77 625 187 681 Postquam
200 624 263 682 igitur
277 624 299 666 G.
315 622 331 664 Ι.
348 630 368 665 et
382 622 409 665 Π.
422 620 528 673 docuerat,
541 619 666 664 Christianos
677 624 701 665 in

1 738 2 741 ,
47 700 173 744 Judaeorum
192 702 262 744 locum
281 714 293 741 a
310 698 353 740 Deo
372 713 414 740 esse
434 698 520 749 electos,
538 704 601 754 atquc
619 713 643 740 er
656 699 701 755 ipso

48 792 109 833 opere
119 778 147 834 (G,
157 773 274 832 III-XIV)
283 774 359 830 cuique
372 773 433 816 facile
445 774 534 830 patebat,
546 773 652 816 hominem
657 788 701 816 non

46 852 130 904 decere,
147 851 207 894 nimis
229 838 308 893 curiose
328 849 351 892 in
370 850 407 892 Dei
426 849 501 907 agendi
511 849 613 892 rationem
624 850 700 907 inqui-

47 944 92 970 rere
111 929 154 987 (IX.
172 924 220 984 13),
240 942 279 969 nec
298 918 424 984 quemquam
443 927 487 969 sine
508 926 545 968 sud
558 926 621 983 ipsius
637 925 701 982 culpa

45 1003 113 1060 perire
136 1002 180 1062 (IX.
197 1000 250 1060 22),
268 1010 288 1043 et
301 1016 389 1057 parram
403 1008 485 1043 tantum
496 1000 606 1043 hominum
620 1009 701 1057 partem

45 1079 147 1123 felicitatis
159 1078 251 1121 coelestis
262 1076 385 1133 participem
397 1078 500 1130 futuram,
513 1077 655 1136 ultimumque
663 1078 701 1134 ju-

45 1155 124 1197 dicium
134 1153 178 1209 jam
192 1144 275 1204 instare,
283 1152 368 1195 taudem
379 1152 457 1196 addidit
469 1154 511 1196 duo
525 1153 565 1196 alia
576 1154 643 1211 capita
653 1154 710 1204 XV..

46 1236 67 1271 et
87 1229 156 1281 XVI„
180 1228 254 1285 quibus
274 1229 388 1272 accuratius
411 1228 533 1286 significavit
549 1237 642 1285 tempus,
658 1243 701 1286 quo

45 1303 116 1365 fideles
125 1305 217 1361 praemia
230 1305 335 1362 accepturi
350 1312 422 1347 essent.
446 1305 525 1348 Auctor
540 1305 597 1347 enim
611 1296 701 1347 Judaeus

47 1380 110 1439 (XIV.
120 1382 145 1422 11
161 1378 215 1438 sqq.)
230 1381 315 1432 dixerat,
329 1379 438 1423 dimidium
451 1380 544 1424 decimae
552 1382 616 1437 partis
628 1364 702 1437 mundi

45 1456 114 1500 adhuc
128 1472 253 1514 superesse,
274 1456 310 1499 sed
330 1456 454 1499 Christianus
476 1457 513 1499 ille
531 1458 560 1499 ait
573 1455 637 1512 (XVI.
652 1454 701 1514 53):

40 1535 161 1593 pusillum,
181 1534 195 1575 i.
214 1548 231 1575 e.
246 1533 390 1575 brevissimum
402 1534 500 1588 temporis
514 1533 615 1589 spatium,
629 1534 702 1576 aditae

45 1614 66 1651 et
83 1610 172 1651 tolletur
191 1609 299 1665 iniquitas
315 1624 330 1649 o
350 1614 414 1649 terro
434 1612 455 1649 et
468 1608 564 1661 justitio
579 1610 700 1667 regnabit‚·

46 1699 135 1742 eumque
146 1690 235 1740 putasse,
246 1697 282 1724 suc
293 1682 355 1738 ipsius
368 1683 543 1739 temporemundi
552 1683 616 1726 finem
626 1685 700 1728 adven-

45 1768 116 1801 turum
130 1774 178 1810 esse,
187 1765 299 1814 compatet
313 1773 325 1800 e
338 1759 393 1804 XVI.
402 1761 430 1801 38
440 1773 492 1816 sqq„
508 1767 553 1802 tum
564 1775 588 1802 ex
600 1775 630 1812 eo,
645 1761 702 1818 quod

45 1836 67 1877 in
87 1835 111 1877 iis
132 1834 232 1891 capitibus
253 1834 354 1891 respicere
373 1834 454 1876 videtur
474 1835 541 1887 bella,
556 1850 605 1878 cuni
618 1837 700 1894 populis

11 1946 14 1952 .
37 1910 183 1954 'Orientalibus
204 1911 332 1973 aRomanis
343 1918 411 1969 gesta,
431 1925 484 1968 quae
497 1912 582 1955 civitatis
594 1914 700 1956 Romanae

46 1987 127 2030 ruinam
141 1994 236 2043 paratura
251 1994 317 2029 essent
332 1987 386 2043 (XV.
403 1990 431 2031 28
448 1987 511 2044 sqq.):
525 1986 565 2030 hac
577 1996 646 2031 autem
659 1988 698 2031 de-

45 2062 128 2114 structd,
139 2062 236 2105 ultimum
245 2062 347 2119 judicium
359 2063 429 2105 adfore
440 2077 523 2106 necesse
537 2071 587 2116 erat,
599 2065 631 2106 uti
642 2072 698 2122 patet

46 2139 115 2201 eXIL
131 2141 159 2181 32
173 2153 217 2196 sqq.
269 2141 270 2144 ’

75 2216 122 2270 Quo
133 2216 207 2258 melius
220 2223 289 2260 autem
300 2215 337 2257 itte
347 2215 464 2259 Christianis
473 2215 611 2273 persuaderet,
621 2216 698 2261 haecce

45 2292 182 2336 additamenta
194 2293 256 2336 etiam
268 2292 294 2336 ab
307 2292 359 2335 Eura
371 2307 414 2334 esse
426 2293 525 2348 profecta,
539 2307 563 2335 ea
573 2293 653 2349 scripsit
659 2295 697 2336 suh

45 2367 106 2411 huius
116 2367 206 2420 nomine,
218 2377 238 2411 ct
248 2384 266 2412 c.
273 2368 301 2412 II.
310 2368 339 2410 sic
344 2368 420 2410 finivit:
432 2368 494 2419 oudo,
503 2354 697 2428 onnonotopopulo

45 2458 97 2495 meo,
111 2445 188 2503 qoolc'o
199 2449 221 2485 et
233 2450 316 2503 quauta
329 2445 444 2487 mirabilia
457 2435 547 2487 Domini
559 2443 697 2504 Beo'ot'dz'stt‘,

46 2520 121 2575 quihus
134 2521 200 2564 verbis
214 2521 258 2576 jam
270 2522 322 2577 ipsas
333 2522 425 2574 visiones,
438 2521 458 2565 G.
466 2520 581 2565 III—XIV.
589 2520 695 2575 exhibitas,

45 2593 134 2648 addidit,
155 2601 217 2654 atque
233 2598 254 2642 G.
273 2598 322 2652 XV,
341 2598 370 2641 sic
389 2594 476 2655 incepit:
500 2612 546 2640 ecee
566 2597 656 2657 loquere
672 2602 696 2641 in

46 2662 111 2714 aoros
123 2673 196 2729 plebis
209 2689 268 2717 meae
284 2689 393 2725 sermones
403 2666 545 2735 prophetiae,
561 2690 614 2733 quos
627 2678 696 2718 imini-

47 2750 134 2790 seroie
149 2764 173 2791 os
188 2755 258 2802 tuum,
273 2751 329 2795 dart
342 2752 459 2795 Domitius:
476 2752 525 2809 quia
534 2752 589 2796 XIV.
604 2755 632 2796 38
641 2752 696 2809 legi·
754 2806 757 2810 .

571 2829 608 2869 2*
