1758 3351
470 264 498 302 78

158 395 258 445 quantum
273 399 349 441 nempe
364 386 444 428 constat
460 399 483 427 ex
498 383 532 435 111,
549 398 602 441 quae
612 386 642 447 de
656 386 744 429 Arabied
750 385 808 432 Ver-

156 465 213 505 sione
232 462 304 504 retulit
323 476 434 505 FABRICIUS
452 460 474 503 in
495 459 547 505 Cod.
566 460 647 507 Pseud,
661 465 687 509 V.
702 464 725 507 T.
745 464 771 506 Π.
787 479 807 520 p,

154 541 284 591 202-293,
301 546 322 581 et
337 553 391 596 quae
405 538 541 580 inveniuntur
554 538 576 579 in
588 539 697 583 Laureneii
706 541 737 584 ed.
750 541 808 585 Vens.

153 614 214 659 Aeth.
231 631 253 672 p.
271 617 387 660 1692-197
402 614 485 671 passim.
509 613 630 671 Aethiopica
642 617 714 662 Versio
726 618 809 660 Latinae

154 694 250 738 Versioni
263 693 347 749 insuper
359 699 455 748 praestat,
471 692 520 750 quia
535 692 620 748 plurimi
633 694 675 735 loei
682 693 704 736 in
714 694 750 736 1111
756 694 810 736 mul·

154 778 176 812 to
188 771 262 812 mehus
277 783 340 826 quam
352 769 374 812 in
387 768 426 813 bae
440 776 487 812 sunt
501 768 586 822 redditi,
599 769 668 826 pronti
682 784 707 811 en
717 769 748 821 iis,
757 784 810 826 quae

155 846 181 887 de
196 845 282 903 singulis
297 846 406 902 utriusque
421 846 525 891 Versionis
539 846 588 888 locis
602 845 702 897 diximus,
715 846 762 888 satis
770 860 810 902 pa-

82 935 89 950 ¹
155 928 193 974 tet,
216 922 308 978 quamvis
326 919 424 976 Aethiops
445 920 534 963 subinde
553 922 681 964 Graecorum
700 923 809 964 verborum

155 1011 239 1039 sensum
253 1010 295 1038 non
310 998 398 1052 ceperit,
414 995 494 1039 111101.
512 998 572 1042 011.
588 999 627 1049 333
645 999 681 1043 VI.
699 1000 734 1040 57.

185 1075 284 1129 Tempus,
301 1087 343 1130 quo
358 1072 431 1117 Versio
442 1071 565 1129 Aethiopica
578 1072 672 1116 confecta
686 1080 727 1125 est,
745 1088 810 1134 aeon-

155 1157 198 1193 rete
211 1149 293 1191 definiri
304 1147 383 1205 nequit.
405 1150 482 1191 Procul
497 1149 560 1191 dubio
572 1164 615 1191 non
629 1149 704 1192 erstit't
717 1157 764 1193 ante
777 1165 811 1192 se-

155 1227 227 1270 culum
239 1226 299 1277 illm,
314 1240 364 1269 uam
379 1233 426 1269 ante
441 1225 463 1269 id
475 1225 525 1268 fides
535 1226 649 1270 Christiana
656 1226 749 1269 nondum
756 1226 811 1283 apud

154 1302 266 1359 Aethiopes
283 1310 326 1345 erat
338 1309 458 1360 propagata.
490 1302 543 1354 Sed,
556 1310 666 1359 postquam
680 1303 811 1347 Frumentins

156 1394 201 1422 eam
223 1379 250 1422 ad
267 1379 378 1435 Aethiopes
393 1379 505 1431 transtulit,
523 1379 590 1422 Codex
609 1364 671 1423 Sacer
691 1379 812 1436 Aethiopico

155 1469 241 1512 qnoque
254 1453 346 1496 redditus
363 1462 401 1506 est,
416 1461 479 1510 atque
492 1455 518 1497 ad
529 1455 582 1497 illud
594 1462 675 1511 tempus
683 1455 812 1499 referendam

155 1545 199 1573 esse
212 1529 355 1586 Aethiopicam
370 1529 436 1571 nostri
448 1529 497 1579 libri
512 1529 635 1574 Versionem
647 1522 754 1586 probabile
760 1530 812 1574 mihi

153 1606 241 1649 videtur.

183 1682 306 1726 Versionem
318 1678 462 1736 Aethiopicam
475 1695 525 1723 enm
537 1680 610 1724 Latini
618 1683 751 1738 comparanti,
762 1697 811 1725 mox

155 1758 267 1808 constabit,
282 1757 341 1799 illam
356 1755 396 1799 bae
410 1757 478 1798 multo
493 1757 628 1814 integriorem
642 1757 669 1800 ad
682 1772 720 1800 nos
735 1774 810 1815 perve-

155 1835 216 1892 nisse.
243 1833 317 1875 Libera
333 1831 388 1874 enim
404 1840 434 1874 est
449 1833 475 1874 ab
490 1833 682 1889 interpolationibus
695 1835 811 1893 spuriisque

155 1909 269 1966 Capitibus,
290 1907 426 1953 Christianum
439 1916 546 1951 auctorem
561 1909 707 1961 referentibus,
721 1911 811 1968 quaein

154 1987 254 2032 Versione
268 1985 340 2028 Latind
354 1984 435 2028 adsunt.
452 1985 518 2042 Supra
530 1999 578 2027 vero
595 1981 733 2028 demonstrare
744 1988 812 2029 conati

155 2077 232 2114 snmus,
248 2061 300 2104 haee
314 2062 448 2118 probabiliter
460 2062 505 2118 jem
520 2060 636 2104 affuissem
651 2061 699 2105 God.
712 2063 756 2115 Gr,
770 2077 811 2120 qno

154 2155 203 2183 usus
217 2139 242 2181 sit
255 2138 351 2181 Latinus:
365 2139 414 2181 inde
425 2137 489 2196 igitur
501 2137 600 2195 consequi.
611 2137 702 2190 videtur,
715 2139 812 2183 Godioem

155 2217 268 2267 Graecum,
289 2229 331 2273 quo
350 2230 399 2256 usus
418 2211 570 2270 sit'Aethiops,
587 2214 653 2256 multo
667 2215 736 2258 minus
749 2215 811 2258 fnisse

155 2293 295 2349 depravatum,
308 2306 371 2349 quam
385 2306 443 2343 eum,
455 2306 518 2349 quem
531 2291 741 2337 Latinusreddiderit.
755 2294 811 2338 Vitia
824 2294 826 2298 ’

155 2377 232 2421 autem,
244 2384 297 2426 quae
307 2369 330 2411 in
339 2369 397 2413 Vers.
406 2367 468 2411 Aeth.
484 2368 623 2419 observantur,
637 2371 700 2428 longe
711 2371 811 2427 pleraque

155 2446 256 2502 originem
270 2444 374 2487 duxerunt
388 2460 399 2487 e
413 2443 527 2487 scribarum
540 2436 630 2488 incurii:
643 2445 695 2488 haee
707 2460 756 2504 ergo
764 2462 810 2489 sae—

153 2521 237 2578 pissime
252 2520 380 2564 solummodo
401 2528 450 2563 sunt
462 2519 602 2573 emendanda,
617 2521 682 2566 nihilo
694 2536 756 2577 porro
766 2523 808 2566 ad-

155 2598 209 2653 111101
224 2613 273 2640 nam
289 2599 385 2655 quisque,
401 2598 486 2654 linguae
498 2596 631 2655 Aethiopicae
642 2597 675 2640 vel
691 2599 810 2654 paullulum

87 2666 88 2670 Ἰ
154 2675 239 2733 peritus,
256 2675 354 2716 continuo
365 2673 440 2717 harum
454 2673 620 2717 emendationum
628 2674 734 2718 veritatem
746 2691 810 2733 agno-

83 2761 85 2781 1
156 2759 205 2796 seet.
236 2752 266 2793 Ex
285 2750 349 2797 haece
365 2749 447 2794 ineuriA
468 2750 543 2807 procul
565 2750 629 2794 dubio
649 2752 761 2809 repetenda
780 2759 810 2793 est
