1758 3351
381 270 479 320 Ἰ3ο

140 387 220 441 Αθῐὴ.,’
239 402 325 444 cogens
347 395 455 440 contextu,
478 388 604 432 vocabulum
624 391 657 431 ita
672 388 705 430 rel
721 361 789 431 seini-

140 465 199 508 lz'ter.
350 492 351 506 ι
467 505 469 507 ,

169 541 203 585 Vs.
213 542 257 583 22.
273 540 386 601 Deprecor
396 568 426 575 -
440 541 586 601 intellegendi.
612 533 642 584 'In
650 542 715 588 .Vers.
728 541 788 585 Aetb.

139 617 212 659 melius
232 618 309 676 legitur
328 634 340 661 o
360 618 464 667 Bomzbe!
486 624 506 661 to
521 631 615 677 precor,
634 633 704 680 qnare
717 620 790 677 egitur

138 692 214 735 datum
233 696 264 735 sit
280 695 340 736 nobis
359 710 397 738 eor
403 726 410 747 ,
429 710 471 753 quo
490 682 618 755 eogitomus.
648 694 727 737 Graece
739 689 791 752 ergo

138 767 281 810 verosimiliter
294 770 334 812 fuit
343 767 448 826 Ἔυχομαι
462 769 496 822 σε’,
509 768 584 826 Κύριε,
595 770 630 811 ἳνα
642 769 664 811 τί
671 766 699 824 δή
715 785 733 811 κ.
743 787 761 811 τ.
770 773 789 811 λ.

137 857 174 898 pro
193 843 269 900 quibus
290 846 373 888 Latinus
392 845 414 887 in
432 845 481 889 (lod.
501 861 538 887 suo
555 844 609 887 male
621 844 693 901 legisse
706 843 790 887 videtur

130 916 236 975 ’Ἑυχομαι
249 919 284 974 oe',
298 915 372 977 Κύριε,
383 920 418 963 ἳνα
431 918 468 977 μή.
494 920 563 966 Verba
576 923 721 973 INATIAH,
734 921 790 964 inac-

138 981 207 1038 ourute
217 995 299 1052 scripte,
315 995 376 1038 facile
392 994 497 1052 depravari
511 1001 623 1053 potueruut
637 995 660 1037 in
674 998 789 1040 INAMH.

166 1072 202 1116 Vs.
218 1074 253 1114 23.
269 1072 419 1130 snpereorr'bus
432 1074 484 1114 tuis.
511 1073 566 1129 Lege
579 1071 730 1130 superioribus
738 1068 789 1127 oris,

125 1147 277 1211 ¹consentiente
290 1146 398 1204 Aethiope.
414 1170 441 1179 -
456 1148 487 1190 Ib.
503 1148 603 1206 Propter
615 1142 675 1205 quid.
691 1146 716 1188 In
731 1147 789 1192 Vers.

138 1222 198 1264 Aetb.
211 1222 290 1279 legitur
304 1238 362 1266 nom.
377 1223 457 1266 Graece
473 1238 521 1280 ergo
535 1223 575 1265 fuit
588 1222 639 1267 διότι
646 1244 656 1277 ,’
667 1238 720 1282 quae
729 1224 790 1266 verba

137 1297 235 1355 Aethiops
251 1298 382 1354 affirmative,
398 1298 433 1340 sed
447 1299 530 1341 Latinus
546 1298 691 1357 interrogative
706 1299 788 1352 sumsit3

138 1371 251 1432 utrumque
266 1381 337 1418 tamen
354 1373 438 1418 defendi
451 1381 524 1431 potest.

167 1452 203 1497 Vs.
221 1454 256 1494 26.
278 1450 306 1494 So'
317 1453 396 1510 fueris
418 1473 448 1482 -
461 1440 585 1494 moraberis.
616 1435 656 1494 Pro
670 1452 701 1495 bis
716 1452 738 1494 in
753 1453 788 1496 llls.

138 1528 309 1585 sangermanensi
323 1528 399 1585 legitur
414 1528 437 1568 sz'
447 1520 542 1583 fueris,¹
551 1528 632 1570 videbis
650 1534 672 1571 et
690 1530 712 1569 si
724 1519 789 1570 orbie-

138 1606 184 1657 ris,
200 1604 333 1661 frequenter
348 1603 472 1645 miraberis.
504 1603 562 1657 Quae
576 1603 637 1646 lectio
651 1603 724 1646 melius
741 1618 789 1645 oum

138 1686 232 1722 contexta
259 1679 350 1721 oratione
376 1678 471 1721 convenit
493 1685 555 1734 atque
577 1678 710 1722 confirmatur
730 1679 788 1723 Vers.

137 1752 197 1797 beth.
785 1757 786 1760 ’
809 1806 811 1808 v

167 1830 203 1875 Vs.
220 1831 254 1872 27.
276 1828 311 1872 Et
329 1844 372 1872 non
392 1832 456 1887 eupit
476 1853 505 1862 -
524 1826 586 1872 sont.
617 1830 663 1873 Una
685 1844 733 1872 oum
752 1830 788 1874 ns.

87 1904 90 1908 ’
130 1900 244 1964 Gangem.
261 1913 281 1948 et
295 1906 352 1952 Vers.
367 1898 427 1950 beth.
443 1921 481 1948 ror
490 1907 581 1964 futuris
592 1906 692 1962 ejicienda
699 1905 750 1949 mihi
756 1907 791 1956 vif

138 1983 208 2025 detur:
223 1983 306 2024 fortasse
321 1982 369 2025 dein
383 1982 406 2024 in
421 1989 478 2024 textu
493 1982 561 2025 additu
577 1989 618 2033 est,
635 1984 684 2039 quia
696 1982 788 2039 sequitur

137 2062 273 2119 repromissa
287 2065 343 2103 sunt.
360 2059 400 2102 Sed
412 2054 471 2115 puto,
485 2067 590 2102 auctorem
604 2058 625 2101 b.
640 2060 654 2102 l.
666 2059 787 2116 siguificare,

136 2136 240 2178 mundum
257 2149 300 2177 nou
321 2135 468 2191 possediutius
482 2143 613 2191 portarem,
629 2135 715 2191 quaein
728 2142 787 2176 tem-

137 2211 221 2269 poribus
242 2208 272 2269 (ἐν
284 2214 327 2267 τοῖς
340 2208 430 2269 χρόνοις,
449 2211 463 2255 i.
478 2227 496 2255 e.
510 2210 571 2255 variis
586 2208 721 2269 temporibus)
737 2224 788 2267 pro-

137 2287 198 2331 missa
213 2294 260 2331 suut
268 2286 348 2344 probis:
358 2287 383 2331 ef.
393 2302 422 2331 vs.
432 2291 460 2332 35
473 2287 535 2331 buius
547 2287 628 2344 Capitis.
639 2310 663 2318 —
675 2289 716 2331 Pro
728 2289 789 2346 capit

137 2366 160 2407 in
174 2366 232 2411 Vers.
249 2364 309 2409 Aeth.
325 2365 402 2424 legitur
409 2371 495 2424 potest,
512 2363 568 2422 quod
579 2364 736 2421 praeferendum
747 2372 786 2406 est:

137 2455 176 2497 pro
191 2440 274 2485 δύναται
288 2456 336 2499 ergo
350 2442 433 2485 Latinus
449 2441 503 2483 male
518 2440 593 2497 legisse
607 2440 686 2484 videtur
699 2439 786 2495 δέχεται.

139 2518 145 2523 ’
167 2517 198 2559 lb.
213 2502 331 2575 irp‘uslz'tzo.
361 2520 387 2561 In
401 2519 446 2560 llss.
462 2517 658 2575 Sangormlegitur
671 2518 786 2567 moestitia,

138 2592 195 2650 quod
209 2578 282 2634 melius
297 2609 346 2636 cum
361 2594 418 2639 Vers.
433 2592 493 2635 Aeth.
509 2594 611 2635 convenit.

166 2669 202 2715 Vs.
218 2670 259 2720 28,
276 2671 311 2712 29.
341 2671 416 2713 'Tertus
436 2668 518 2714 Latinus
533 2668 554 2712 h.
568 2669 583 2712 l.
599 2667 622 2711 iu
636 2666 705 2719 multis
719 2666 787 2711 differt

138 2746 164 2788 ab
178 2746 274 2804 Aethiop
289 2748 355 2800 Vens,
372 2747 464 2806 quamvis
478 2744 739 2805 utraqueVersiodefendi
750 2759 787 2801 po-
