1758 3351
479 265 520 305 1¹84

173 388 273 442 templum
293 383 500 444 Hierosolymitauuni
519 385 589 442 aliquo
607 387 668 428 modo
686 386 789 429 indicatur
801 386 822 427 in

172 461 211 505 hac
226 462 304 506 visione
318 462 414 520 Aquilae.

201 538 258 582 Haec
273 539 337 596 igitur
352 538 397 580 satis
412 552 514 596 superque
532 537 619 590 docent,
633 543 738 580 auctorem
756 538 823 579 vivere

171 610 228 656 haud
236 614 326 670 Potuisse
335 627 403 655 sersus
413 612 477 655 finem
492 627 532 656 sec.
543 615 562 654 2i
571 613 605 656 vel
615 613 701 655 ineunte
711 611 780 655 seculo
791 616 822 666 3⁰,

171 687 206 730 sed
225 688 261 731 diu
276 695 323 732 ante
338 688 378 730 hoc
391 695 472 746 tempus
486 689 563 731 librum
576 695 670 730 nostrum
683 703 725 730 esse
740 701 822 751 compo-

170 764 239 806 situm.
271 764 322 807 Inde
336 779 386 808 vero
401 764 500 823 serpsitur,
514 761 618 808 auctorem
633 762 688 807 haud
700 763 822 822 significasse

168 840 303 896 Imperatores
318 842 427 891 Romanos,
442 840 492 883 inde
505 856 517 883 a
531 840 586 882 lulio
597 840 687 892 Caesare,
696 839 731 883 sed
743 847 822 897 tempo-

167 929 190 957 ra
205 929 253 957 eum
267 922 367 972 spectasse
381 914 545 969 hocanteriora.
571 913 730 972 Necesse'igitur
740 922 776 967 cst,
790 930 821 958 re-

167 990 255 1046 sperent
276 1006 364 1049 regnum
379 993 497 1044 Romanum
510 990 561 1034 inde
576 1006 587 1034 a
602 991 673 1048 primis
689 991 732 1037 eius
745 991 819 1042 initiis,

166 1065 180 1108 i.
199 1083 217 1109 e.
233 1067 327 1123 aprime
341 1069 399 1126 Rege
414 1053 510 1112 Romule

196 1141 256 1197 Quod
273 1157 321 1185 cum
336 1143 365 1186 ita
382 1143 418 1196 sit,
434 1143 550 1199 rideamus,
564 1158 665 1201 quosnam
679 1158 738 1203 reges
748 1151 819 1187 auctor

165 1217 287 1267 nominatim
311 1219 463 1275 significaverit.
501 1219 542 1263 Sed
564 1227 675 1277 aritequam
692 1234 819 1278 pergamus,

166 1286 216 1350 opus
236 1301 278 1345 est,
297 1302 321 1336 ut
336 1294 423 1337 dubium
438 1294 522 1351 aliquod
538 1296 650 1346 solvamus,
667 1295 724 1352 quod
737 1303 819 1338 nostrae

164 1370 277 1412 sententiae
291 1370 380 1411 fortassis
394 1376 537 1424 opponeretur.
565 1372 676 1426 Postquam
687 1370 764 1426 Aquila
777 1385 818 1411 un-

163 1445 240 1501 guibus
255 1443 352 1495 surrexit,
374 1457 412 1485 vox
428 1442 496 1486 exibat
511 1443 604 1486 emedio
618 1458 703 1501 corpore
717 1444 816 1502 Aquilae;

162 1520 213 1562 haee
228 1518 297 1574 autem
313 1534 352 1561 vor
367 1518 469 1576 significat
483 1504 637 1570 contentiones,
654 1519 738 1577 quaein
752 1519 817 1563 hocce

162 1609 227 1652 regno
241 1594 332 1637 oriturae
347 1601 425 1645 essent,
438 1609 516 1652 eaeque
525 1602 568 1637 tam
578 1592 718 1651 vehementes,
729 1603 754 1638 ut
761 1595 816 1639 inte-

162 1671 211 1713 ritui
223 1685 288 1727 prope
301 1677 354 1713 esset
364 1684 462 1728 regnum,¹
468 1677 556 1713 attamen
565 1670 659 1713 nondum
671 1670 758 1715 caderet.
774 1672 816 1714 Ex-

161 1746 303 1797 indefortasse
315 1745 361 1802 quis
374 1737 497 1802 conjiceret,
505 1745 754 1804 indicari-contentiones,
763 1761 816 1804 quae

160 1822 306 1874 obtinuerunt,
320 1829 431 1879 antequam
443 1822 483 1878 ipsi
495 1838 552 1880 reges
562 1822 673 1879 imperium
689 1831 813 1879 exercerent,

160 1913 208 1941 nam
224 1903 365 1941 memorantur
377 1898 432 1950 illae,
448 1899 559 1956 antequam
573 1898 599 1940 de
611 1898 694 1956 regibus
701 1912 768 1941 sermo
777 1906 813 1952 est;
852 1941 853 1944 ,

160 1981 180 2016 et
195 1973 308 2017 secundum
327 1989 372 2017 eam
383 1973 504 2017 sententiam
519 1989 560 2018 non
576 1982 662 2031 possunt
675 1979 717 2017 nou
730 1969 814 2033 signifi-

159 2051 201 2093 cari
217 2050 358 2109 contentiones
371 2049 574 2102 vehementissimae,
593 2065 647 2108 quae
663 2049 752 2093 Caesaris
766 2050 811 2092 irn-

157 2127 239 2184 perium
255 2142 302 2169 mor
323 2134 485 2170 antecesserunt:
508 2127 655 2171 contentiones
668 2126 736 2179 enim,
759 2141 812 2184 quae

157 2210 205 2247 ante
223 2204 337 2247 Ronrulum
354 2203 499 2256 obtinuerunt,
520 2204 609 2261 intelligi
627 2204 811 2261 nequeunt,„quia

156 2286 205 2323 ante
218 2278 275 2323 hune
284 2278 331 2323 ‘non
348 2287 390 2322 erat
405 2281 478 2323 Roma.
509 2281 588 2327 Verum
606 2294 629 2322 er
644 2278 811 2336 interpretatione

156 2354 231 2414 Angeli
248 2354 278 2415 (G.
293 2353 348 2413 XII.)
365 2354 477 2408 discimus,
493 2371 535 2398 non
549 2354 637 2413 intelligi
656 2355 810 2406 contentiones,

155 2447 209 2490 quae
224 2432 279 2489 ipsos
294 2447 353 2490 reges
368 2439 532 2487 antecesserunt,
549 2431 641 2490 quamvis
657 2429 747 2491 (0.111.)
763 2439 810 2475 ante

153 2508 190 2551 hos
204 2516 359 2562 memorentur,
373 2509 409 2551 sed
421 2508 484 2565 tales,
499 2522 562 2566 quae,
577 2523 642 2567 regno
652 2509 697 2565 jam
709 2508 809 2551 constitu*
855 2550 857 2553 Α

154 2593 185 2636 to,
203 2592 297 2641 tempore
310 2585 483 2642 praeterlabente,
499 2586 611 2628 orirentur:
625 2600 673 2628 nam
687 2585 708 2628 G.
719 2585 765 2627 XII.
780 2588 806 2626 21

153 2662 178 2706 V.
197 2661 257 2704 neth.
279 2660 318 2704 hae
336 2652 475 2705 contentiones
496 2662 634 2720 explicantur,
659 2669 768 2720 postquam
784 2662 807 2703 in

152 2737 322 2793 praecedentibus
343 2741 369 2781 12
389 2725 433 2783 alae
451 2739 494 2796 jam
517 2740 628 2796 explicatae
648 2747 701 2783 sunt.
736 2739 808 2796 ltaque
