1758 3351
458 276 485 314 42

146 410 157 438 e
171 396 227 447 Coa,
243 408 307 450 equo
321 393 387 436 editus
400 380 429 437 est
442 403 507 437 textus
515 395 605 449 Latinus,
619 397 707 440 evanuit.
723 397 793 450 Quum

144 471 208 530 igitur
222 471 327 527 legeretur
340 476 362 512 et
373 471 490 531 apparebit
505 475 527 512 et
540 486 701 529 apparescens,
716 472 793 523 sariba,

144 560 222 589 memor
235 546 320 602 Apocal.
333 545 379 589 Joh.
387 548 442 589 XXI.
453 549 490 597 12,
505 546 570 596 facile,
578 546 663 589 inseruit
673 547 794 590 vocabulum

143 637 232 681 sponse.
260 622 428 665 Emendationem
442 630 533 665 nostram
547 622 654 665 confirmat
666 624 759 668 loeusV.
773 626 793 666 3.

142 698 179 741 Gff.
195 713 248 755 quae
262 699 292 741 ihi
307 698 400 740 diximus.

172 775 206 819 Vs.
227 777 264 818 28.
281 775 349 833 filius
369 789 428 817 meris
447 774 521 818 Jesrs.
557 776 590 818 Sic
612 774 656 830 jam
675 773 795 816 Ambrosius

142 848 199 892 hunc
212 850 283 893 laeum
297 851 319 892 in
333 850 396 893 codd.
409 851 509 906 seriptum
520 852 605 905 invenit,
619 851 650 892 uti
662 857 717 907 patet
728 865 752 892 ex
763 850 794 902 iis,

143 940 195 983 quae
211 925 236 967 ad
249 926 298 968 Luc.
314 926 341 967 ΙΙ.
354 928 379 966 21
395 925 514 967 observavit.
534 927 663 970 Vocabulum
674 926 795 970 veroJesos

142 1016 154 1044 a
170 1000 283 1044 Christiano
300 1001 370 1057 aliquo
392 1000 439 1042 dein
456 1000 556 1042 insertum
571 1015 625 1052 esse,
639 1009 695 1056 patet
709 1017 720 1043 e
736 1003 794 1046 Veis.

141 1077 216 1131 aeth„
229 1076 252 1117 in
266 1090 307 1134 qua
324 1076 376 1120 illud
390 1075 525 1129 desideratur3
539 1091 578 1118 nee
591 1091 603 1118 a
615 1076 712 1132 scriptore
719 1075 795 1118 Iudaeo

140 1152 241 1208 proficisci
261 1151 339 1207 potuit:
359 1151 391 1194 off.
410 1167 463 1208 quae
478 1166 540 1207 supra
557 1151 582 1193 de
595 1151 642 1207 Gap.
655 1152 672 1195 I.
688 1159 708 1193 et
721 1152 747 1194 H.
762 1159 795 1193 at-

141 1243 183 1287 que
194 1229 240 1274 XV.
254 1235 274 1270 et
288 1229 343 1273 XVI.
360 1228 555 1271 observavimus-
568 1228 794 1285 Ib.juomdetontur.
809 1255 812 1260 -

140 1305 166 1346 In
179 1305 215 1347 Ms.
231 1304 293 1362 Sang.
308 1304 384 1362 legitur
393 1304 534 1361 joermdobit,
548 1319 610 1361 quam
622 1305 732 1348 lectionem
746 1320 795 1347 oon-

141 1380 326 1436 firmatAethiops.
347 1401 373 1410 —-
390 1381 421 1423 Π).
436 1382 512 1423 relicti
531 1387 588 1424 sunt.
619 1381 644 1423 In
658 1383 715 1427 Veis.
735 1380 794 1424 Aeth.

141 1458 216 1500 melius
236 1456 313 1514 legitur
325 1458 454 1498 resuscitati
472 1462 532 1508 sient,
548 1472 597 1498 nam
616 1456 667 1500 haec
682 1465 724 1499 erat
740 1457 795 1513 apud

141 1534 227 1576 Iudaeos
243 1532 322 1588 opinio,
338 1533 383 1574 fore
397 1540 421 1574 ut
432 1532 461 1588 pii
476 1539 569 1584 tantum,
586 1533 681 1576 invitam
694 1535 794 1586 revocati,

142 1624 191 1651 eum
210 1607 281 1650 Messi&
300 1622 337 1664 pei·
355 1607 440 1664 aliquod
457 1615 538 1664 tempus
558 1623 600 1650 una
621 1607 710 1660 vivant,
733 1616 795 1666 atque

80 1720 81 1723 ,
141 1685 222 1727 summi
236 1684 335 1727 felicitate
349 1684 455 1736 fruantur,
473 1691 584 1741 antequam
598 1684 696 1726 ultimum
709 1686 735 1726 de
750 1700 796 1727 om-

141 1761 202 1803 nihus
221 1759 350 1809 hominihus,
365 1759 405 1814 piis
422 1773 487 1815 aeque
500 1766 563 1816 atque
577 1759 655 1815 impiis,
669 1759 746 1801 adesset
762 1760 796 1814 J'u-

142 1835 226 1878 dieium.
676 1893 678 1895 q

171 1912 206 1957 Vs.
223 1912 258 1953 30.
275 1913 332 1953 siout
345 1911 370 1951 ire
377 1911 495 1968 prioribus
504 1910 606 1966 judiciis.
625 1910 651 1952 In
663 1911 723 1955 Veis.
733 1910 794 1953 Aeth.

141 1988 218 2045 legitur
233 1989 292 2029 siout
301 1988 386 2045 pr’izes:
401 1987 479 2029 ideireo
498 1986 622 2029 vocabulum
635 1987 734 2043 judiciis
745 1986 765 2030 h.
780 1989 794 2030 l.

141 2063 263 2105 sumendum
277 2070 309 2105 est
328 2078 367 2119 pro
385 2062 491 2118 decretis,
508 2063 695 2115 ordinatioribus,
715 2064 751 2106 Gr.
767 2066 794 2106 δι’·

142 2138 250 2195 καιώμασι.
277 2140 351 2181 Sensus
370 2139 424 2181 enim
442 2147 480 2182 est:
495 2139 550 2181 Deus
565 2139 632 2181 denuo
645 2140 722 2198 mundo
737 2139 795 2196 quie-

141 2221 184 2257 tem
199 2214 318 2271 praebebit,
335 2213 395 2256 sicuti
410 2216 471 2266 olim,
487 2215 601 2257 seeundum
616 2215 684 2272 priora
703 2208 740 2258 sua
756 2215 795 2258 de-

141 2298 207 2342 oreta,
223 2290 272 2333 feeit
287 2298 334 2333 ante
349 2291 452 2333 mundum
467 2291 580 2334 eonditum.

170 2368 205 2411 Vs.
221 2370 256 2410 35.
272 2368 319 2409 Post
331 2367 387 2410 hune
399 2383 481 2410 versum
493 2368 583 2424 plurima
596 2367 680 2413 desunt:
699 2369 731 2411 eff.
740 2382 794 2424 quae

140 2458 202 2500 supra
213 2459 234 2500 p.
251 2446 279 2487 20
294 2443 333 2487 hae
348 2444 373 2486 de
389 2460 411 2487 re
426 2445 551 2504 monuimus.

169 2519 204 2564 Vs.
226 2522 260 2562 37.
283 2521 367 2564 Aetas.
398 2523 423 2564 In
439 2521 528 2563 editione
541 2522 597 2567 Vers¹
612 2522 666 2573 Lat,
684 2535 737 2577 quae
753 2535 792 2563 oo-

139 2594 204 2638 ourrit
214 2595 236 2636 in
248 2610 340 2640 aaaalon
350 2597 402 2642 θοαί.
415 2597 497 2640 Pseud.
512 2596 543 2640 V.
557 2597 583 2640 T.
595 2598 622 2639 ΙΙ.
638 2611 659 2653 p.
675 2598 725 2649 243,
738 2605 793 2639 reete

138 2672 215 2731 legitur
229 2671 318 2716 Aeliam·
334 2657 368 2733 (oi.
385 2674 425 2717 Jos.
439 2675 486 2720 VH.
507 2673 597 2734 1sqq.);
614 2674 635 2716 in
650 2675 707 2719 Veis.
724 2681 793 2716 tamen

138 2749 198 2793 Aeth.
214 2749 308 2800 similiter
319 2751 394 2808 legitur
407 2751 490 2797 Aelioz.
