1758 3351
371 258 396 298 21

87 388 140 430 Huic
164 382 211 429 rero
227 385 307 442 Vogelii
322 385 454 441 conjecturae
468 382 525 424 nobis
540 396 583 424 non
599 379 709 422 inhaeren-

57 464 108 507 dum
127 477 170 506 esse
187 461 312 518 putavimus,
332 461 425 519 primum
441 457 536 515 quidem,
551 459 600 514 quia
616 457 651 499 illc
667 469 709 497 non

57 538 147 598 addidit,
157 553 198 596 qua
213 538 295 582 tandem
309 539 332 580 in
347 552 369 580 rc
385 534 496 598 discrimen
510 533 563 576 illud
578 533 660 577 dicendi
671 547 713 591 ge-

56 615 110 658 neris
119 614 219 667 consistat,
226 615 285 658 nobis
292 613 346 656 illud
352 627 395 655 non
402 609 618 661 animadvertentibus,
627 608 709 659 deinde,

55 691 108 748 quia‘
119 691 201 734 nullum
215 689 273 734 aliud
284 688 401 731 invenimus
416 687 526 731 discrimen
539 687 594 729 inter
600 691 710 741 utramque

54 776 190 811 memoratam
203 765 363 822 descriptionem
379 763 503 805 infelicitatis
520 770 541 806 et
556 760 657 805 felicitatis
670 760 711 803 vita

55 836 211 893 detunctorum,
224 842 263 884 nisi
276 840 331 898 quod
344 840 412 898 primo
424 840 471 883 loco
483 847 580 884 accurate
592 854 616 881 ea
628 853 659 880 res
673 837 712 879 den

56 918 158 973 scribitur,
173 932 226 976 quae
239 917 302 961 altero
309 917 357 960 loco
368 916 427 974 quasi
437 918 460 960 ἐν
468 914 552 977 παρόδῳ
560 922 660 959 tractatur
671 911 710 973 (1).

85 994 179 1040 Vidimus
191 995 236 1050 jam
250 994 273 1035 in
287 993 387 1039 Versione
400 990 472 1032 Latina
487 989 588 1032 nonnulla
600 988 710 1032 recentiori

55 1078 120 1114 aetate
133 1069 201 1111 addita
214 1082 263 1118 esse,
274 1067 375 1109 nonnulla
383 1079 432 1108 1110
443 1065 561 1117 desiderari,
576 1081 630 1123 quae
641 1065 711 1110 eVer-

55 1146 112 1187 sione
124 1144 212 1199 utraque
223 1142 325 1185 Orientali
338 1150 359 1185 et
372 1157 396 1184 ex
409 1140 512 1198 Ambrosii
524 1142 590 1185 citatis
596 1141 712 1198 supplenda

56 1227 114 1262 sunt:
130 1218 228 1276 quocirca
242 1225 304 1263 restat
315 1218 412 1271 tandem,
425 1225 449 1259 ut
466 1216 492 1260 de
506 1218 624 1275 integritate
638 1218 712 1259 verho-

56 1310 104 1339 rum
114 1310 206 1354 agamus.
225 1296 272 1350 Qua
284 1296 341 1338 inre
354 1295 383 1337 ita
392 1293 516 1337 versandum
529 1294 588 1337 nobis
603 1286 646 1337 esse
658 1293 712 1337 dux-

55 1374 123 1423 imus,
143 1379 167 1414 ut
183 1371 209 1414 de
223 1372 247 1414 iis
260 1372 311 1415 locis
326 1370 475 1415 observationes
489 1380 567 1415 nostras
584 1372 606 1413 in
620 1356 713 1414 medium

55 1447 196 1505 proferamus,
212 1447 235 1489 in
252 1447 328 1505 quibus
340 1447 373 1490 111
387 1447 448 1491 rerba
461 1448 533 1491 Latina
548 1446 658 1505 depravata
672 1447 713 1490 de-

54 1509 209 1580 prehendimus,
220 1523 253 1565 111
268 1538 292 1565 ex
304 1522 352 1579 ipsis
362 1522 437 1566 Latinis
448 1524 526 1575 verbis,
541 1523 616 1566 collata
623 1524 712 1566 maxime

54 1600 153 1645 Versioue
164 1599 298 1656 Aethiopicis,
310 1599 459 1657 intelligimus,
471 1599 516 1654 jam
527 1600 631 1643 Graecum
644 1600 711 1643 Godi-
720 1592 727 1599 '¹

56 1689 115 1727 cem,
137 1660 247 1731 quo'usus
264 1682 294 1731 est
307 1675 418 1732 interpres,
433 1689 476 1718 non
490 1675 606 1718 immunem
620 1673 683 1718 fnisse
700 1692 712 1718 a

55 1749 207 1807 depravatione.
229 1750 260 1793 Ne
273 1757 343 1793 tamen
356 1758 475 1806 exspectent
488 1752 582 1803 lectores,
595 1767 629 1795 mc
641 1767 711 1795 ornnes

50 1827 111 1870 vlocos
124 1825 242 1883 depravatos
252 1824 333 1886 sanitati
345 1826 489 1870 restituturum
497 1817 547 1880 csse,
556 1828 620 1885 quod,
627 1829 711 1871 utvires

54 1918 124 1955 meas,
143 1902 246 1959 juveniles
263 1902 341 1954 adhuc,
361 1903 424 1961 longe
446 1912 541 1961 superat,
561 1890 593 1947 ita·
610 1904 710 1948 difficilli-

55 1994 114 2022 mum
126 1987 156 2021 est
170 1986 253 2036 propter
268 1978 372 2023 delectum
383 1980 448 2036 ipsius
463 1979 568 2038 archetypi
586 1981 670 2033 Graeci,
685 1997 709 2024 ac

55 2063 139 2113 propter
146 2055 239 2099 vertendi
251 2056 359 2107 rationem,
368 2070 433 2112 quam
445 2064 527 2099 secutus
540 2064 571 2099 est
581 2050 709 2101 [1111111111-

50 2139 139 2188 ·terpres.
158 2132 261 2175 Sermonis
275 2131 330 2174 enim
344 2130 411 2174 Latini
422 2130 515 2175 indolem
526 2139 589 2189 'saepe
604 2133 709 2190 neglexit,

55 2208 116 2251 nimis
127 2206 238 2257 inhaerens¹
249 2208 353 2251 vocabulis
366 2207 464 2260 Graecis,
480 2209 578 2267 quocirca
593 2210 709 2253 Gramma-

54 2285 105 2327 tices
122 2285 206 2343 regulae
224 2285 307 2328 nullum
324 2284 367 2327 lere
384 2285 484 2328 auxilium
504 2286 605 2342 praehere
622 2294 709 2344 possunt

54 2363 77 2403 in
92 2361 220 2404 emendando
235 2368 293 2405 textu
305 2362 423 2419 Scriptoris,
443 2361 481 2419 qui
498 2362 542 2418 ipse
558 2378 591 2407 eas
603 2364 707 2422 neglexit:

55 2445 75 2479 et
93 2444 139 2481 tum
155 2438 241 2481 demum
256 2453 303 2482 vera
314 2438 377 2482 lectio
390 2453 451 2496 saepe
466 2438 547 2495 prodit,
565 2455 613 2483 cum
628 2448 707 2483 textum

54 2513 150 2566 latinum
171 2514 197 2559 ad
215 2515 297 2558 literam
315 2514 337 2557 in
352 2516 453 2559 Graecam
467 2515 561 2573 linguam
573 2517 707 2571 *transtuleris⁴

52 2616 212 2627 Μ

76 2679 100 2725 (l)
116 2681 147 2713 eff.
162 2684 226 2729 insuper
241 2697 281 2731 qnae
296 2666 357 2719 notarit
374 2696 470 2729 1111111111,
487 2685 566 2730 Generat
579 2691 660 2722 ltsmorls
672 2690 682 2722 l.
692 2690 708 2722 l.

54 2756 69 2789 p.
81 2745 178 2779 aaa-ass.
722 2739 725 2745 ’
