1758 3351
383 262 422 302 155
444 295 452 304 ,

78 390 101 431 iis
119 385 206 428 feliciter
228 384 299 428 eedett.
336 386 380 428 luni
401 384 481 442 evigilat
501 386 561 434 Erro,
578 384 659 426 'viribus
680 383 729 436 defi-

78 464 142 513 ciens,
158 460 184 504 nd
198 475 261 518 quem
275 461 387 504 adveniunt
396 461 459 516 ipsius
469 460 588 515 populares,
599 465 730 516 quaerentes,

76 550 141 593 quare
158 534 213 578 hand
232 549 293 591 porro
309 550 383 578 eurum
403 542 461 592 gerat
477 533 627 586 Isrne'litorum,
642 534 679 576 sed
693 532 731 575 hos

76 612 191 669 reliquerit.
216 608 268 653 Euro
280 625 377 653 vernens
391 610 447 653 ubire
458 610 529 666 jubet,
547 617 567 652 et
581 625 624 652 non
637 610 675 652 nisi
684 617 730 665 post

77 688 148 730 rdies
162 687 239 740 redire,
260 687 304 742 ipse
322 693 392 729 autem
413 693 456 728 orat
479 695 499 728 et
519 686 587 742 ploret
610 692 630 727 et
639 674 643 683 ⁹
648 686 729 741 jejunat

75 779 112 820 per
127 766 139 804 7
156 763 210 813 dies,
226 762 287 804 sicuti
298 762 391 819 Angelus
404 769 519 812 monuerat,
531 768 554 802 ut
565 769 611 816 post
623 775 655 803 eos
667 762 728 817 plura

75 839 158 894 insuper
172 844 311 894 cognosceret.
445 869 447 872 s

103 911 204 956 Secunda
217 915 272 955 oz'so'o
289 911 318 971 (C.
334 912 371 955 HI.
388 913 481 957 22-IV.
499 915 534 955 37.
545 913 571 956 V.
583 912 644 954 Aeth.
653 945 658 962 ‚
668 911 689 953 G⁴
701 911 727 953 V.

76 990 170 1035 15-V1.
188 992 224 1032 34.
241 990 268 1034 V.
283 987 336 1046 Lat.)

103 1065 245 1121 Praeterlapsis
267 1066 279 1105 7
300 1064 383 1119 diebus,
404 1065 454 1106 Eira
475 1064 551 1105 iteruin
576 1063 636 1120 queri
655 1062 728 1118 incipit

74 1142 99 1183 de
116 1142 184 1193 malis,
204 1141 279 1198 quihus
298 1140 368 1183 afflicti
388 1141 429 1182 sint
441 1139 557 1193 Israelitae,
577 1147 597 1181 et
612 1139 637 1181 de
653 1138 727 1196 agendi

74 1216 151 1259 ratione
165 1217 203 1258 Dei
216 1231 266 1259 enm
276 1216 354 1272 populo
367 1230 404 1258 suo
418 1216 490 1257 eleeto.
513 1216 571 1257 Hane
582 1230 603 1257 se
614 1216 728 1270 explicatu-

73 1306 120 1332 rum
136 1306 178 1333 esse
192 1290 293 1346 promittit
306 1291 408 1347 Angelus,
422 1291 438 1331 si
452 1290 503 1332 Ezra
515 1304 582 1332 unum
596 1305 607 1331 e
620 1290 728 1347 sequenti-

72 1367 111 1408 lins
124 1366 285 1421 problematibus
300 1366 375 1408 solvet:
391 1380 501 1407 numerare
516 1365 571 1417 dies,
585 1365 622 1422 qni
635 1365 728 1407 nondum

73 1448 182 1491 venerunt,
205 1440 303 1497 colligere
322 1441 381 1482 flores
401 1440 481 1497 ubique
500 1448 601 1482 terrorum
617 1440 727 1497 dispersos,

72 1515 153 1558 aridum
161 1530 245 1574 gramen
252 1516 316 1558 viride
322 1515 414 1567 reddere,
422 1517 501 1573 aperire
509 1516 651 1573 promptuaria
658 1517 727 1560 clauso

72 1592 191 1648 animasque
201 1591 223 1633 in
238 1592 262 1633 iis
275 1592 364 1634 inclusus
378 1592 505 1648 producere,
515 1593 577 1635 fuoies
587 1607 665 1644 eorum,
675 1607 726 1649 quos

72 1682 179 1723 nunquam
197 1667 281 1718 viderit,
298 1667 411 1710 ostendere.
439 1669 514 1720 Eume,
529 1683 549 1710 se
559 1666 599 1710 hoe
613 1683 656 1710 non
668 1682 727 1724 posse

71 1742 161 1794 dicenti,
179 1743 288 1800 respondet
307 1744 412 1802 AngeluS,
433 1744 463 1788 sie
479 1758 521 1786 non
531 1751 594 1800 ‘potes
609 1745 727 1802 intelligere

69 1818 173 1874 judicium
186 1833 258 1862 meum
275 1818 318 1878 (1),
339 1835 379 1864 nee
394 1819 458 1863 finem
473 1820 557 1871 amoris,
575 1822 611 1878 qui
625 1821 727 1878 populum

70 1909 141 1936 meum
155 1902 231 1936 manet.
248 1895 299 1937 Ezru
309 1909 358 1936 vero
372 1888 406 1937 eos
416 1894 503 1937 feliciori
513 1903 566 1937 sorte
577 1895 608 1938 uti
618 1895 679 1948 dioit,
691 1896 727 1952 qui

71 1969 96 2013 ad
109 1969 182 2012 mundi
195 1969 258 2029 linem
270 1970 292 2012 in
305 1970 354 2012 vivis
368 1971 408 2013 sint
421 1970 498 2023 futuri,
516 1971 592 2028 quippe
606 1971 679 2013 ultimo
691 1970 728 2027 jnss

71 2045 125 2087 dicio
137 2046 253 2102 propiores3
269 2046 304 2089 sed
315 2047 407 2104 Angelus
421 2048 459 2098 eit,
475 2047 581 2103 judicium
596 2062 667 2090 meum
683 2048 726 2091 eir—

71 2121 118 2164 oulo
127 2122 193 2164 simile
204 2131 243 2166 est:
255 2122 333 2166 ideireo
343 2137 389 2175 neo,
397 2123 434 2179 qui
443 2124 508 2181 priori
518 2123 612 2187 tempore
622 2124 725 2175 vixerunt,

69 2193 190 2253 praeibunt,
205 2213 244 2242 nee
258 2200 294 2256 qui
309 2200 431 2256 posteriores
445 2200 541 2251 fuerunt,
557 2200 621 2242 serius
636 2200 726 2243 venient.

69 2274 121 2317 Ezra
137 2282 206 2318 nutem
225 2277 323 2329 miratur,
338 2291 401 2333 quere
415 2291 485 2319 omnes
501 2267 594 2320 homines
608 2293 651 2321 non
665 2279 726 2321 simul

0 2404 2 2413 ,
70 2350 108 2393 sint
121 2352 176 2403 nati,
195 2359 219 2394 ut
233 2368 308 2411 nempe
321 2353 419 2396 ultimum
433 2354 537 2410 judicium
552 2354 612 2397 citius
627 2356 653 2397 sit
667 2356 726 2397 futu-

0 2417 15 2468 ἶ
70 2442 127 2480 rum5
142 2428 177 2471 sed
189 2429 281 2487 Angelus
294 2438 376 2483 monet,
389 2438 466 2474 terrum
475 2430 512 2473 lios
524 2445 595 2474 omnes
610 2431 672 2474 simul
683 2446 726 2474 sus-
779 2479 780 2482 Ἴ

70 2502 134 2545 tinere
146 2505 202 2548 haud
216 2520 288 2562 posse,
302 2514 323 2548 et
333 2508 364 2549 uti
374 2516 439 2551 mater
448 2522 519 2565 parere
530 2508 603 2565 nequit
614 2511 641 2552 10
651 2509 725 2551 liberos
768 2492 777 2514 ‘¹

69 2578 141 2630 simul,
157 2583 185 2625 sie
199 2583 307 2627 matricem
319 2590 386 2627 terreo
401 2600 470 2628 ornnes
485 2585 546 2627 simul
558 2600 669 2643 procreare
684 2598 724 2626 non

69 2686 221 2698 Ἢ

91 2747 115 2793 (l)
126 2749 150 2782 Ab
163 2751 191 2786 hoc
203 2755 239 2788 inde
252 2756 285 2789 loco
297 2763 350 2790 urrctor
358 2759 447 2802 saepissime
456 2758 534 2801 Angelum
541 2758 636 2800 permutavit
644 2768 679 2789 euni
687 2756 724 2788 oen,
