1758 3351
493 248 534 291 182

184 371 244 421 alias,
252 371 288 427 sed
295 385 366 422 omnes
379 372 470 423 eiusdem
481 374 571 430 generis,
586 373 675 431 figuras,
686 374 791 427 nimirum
799 391 835 419 ca-

183 448 232 503 pita.
263 447 298 499 Sic
316 448 380 507 igitur
399 456 465 506 patet,
482 464 546 506 quare
560 456 631 500 auctor
644 449 742 506 Aquilam
755 450 834 507 propo-

183 522 257 575 suerit,
274 527 287 569 8
300 525 427 578 subitaneus
443 526 595 583 et3capitihus
610 525 733 582 praeditam,
764 518 834 580 Quae-

176 599 235 641 ritur
249 601 339 653 tandem,
355 601 411 643 unde
422 604 448 643 12
463 601 504 644 alas
518 601 625 645 sumserit
651 602 694 647 Nee
705 601 793 645 difficilis
805 609 835 652 est

182 677 281 732 quaestio
303 677 363 728 Dicit,
376 678 402 726 ab
416 678 505 735 utrrlque
516 685 575 736 parte
588 678 649 722 fuisse
661 682 674 722 6
688 679 729 721 alas
737 677 766 737 (1)
774 686 794 720 et
804 680 834 721 ita

179 766 250 793 veram
264 753 352 810 Aquilae
365 753 454 807 formam
469 753 586 810 descripsit,
605 768 655 796 nam
671 754 694 797 in
711 753 786 811 Aquila
802 752 832 812 (2)

180 828 289 879 »rectrices
302 829 382 871 alarum
388 845 470 885 pennae
478 830 584 886 utrimque
595 833 674 871 senae⁷'
684 826 756 888 (sunt).
771 829 833 872 Hunc

177 900 242 958 igitur
261 918 372 951 numerum
391 905 418 960 12
432 918 521 946 numero
536 906 561 945 11
578 903 683 947 Daniefieo
698 904 831 961 praeposuit,

177 977 226 1034 quia
233 977 290 1040 ‘bere
303 987 397 1032 noverat,
405 993 448 1033 non
457 993 538 1030 omnes,
552 979 591 1036 qui
602 979 629 1022 ab
636 979 696 1031 initio
704 979 753 1022 inde
763 979 833 1023 adsue

176 1049 249 1110 usque*
258 1062 350 1111 tempora
356 1056 434 1098 Romae
442 1055 571 1099 dominatum
580 1062 701 1107 tenuerant,
708 1069 745 1111 per
754 1070 832 1099 nume-

176 1143 223 1171 rum
238 1131 262 1171 11
278 1131 389 1188 significari
400 1146 469 1188 posse3
486 1132 570 1173 illorum
586 1132 642 1174 enim
660 1146 761 1174 numerus
773 1131 831 1174 hunc

171 1205 237 1268 lfflss‘?
250 1216 344 1264 superat,
353 1216 373 1250 et
385 1216 455 1262 tamen
465 1222 503 1264 per
515 1210 540 1250 11
554 1222 631 1252 cornua
644 1207 765 1261 inDanielis
777 1207 830 1251 libro

174 1291 288 1335 memorata
300 1298 343 1326 non
358 1291 454 1339 poterant
466 1298 508 1326 non
525 1283 636 1340 significari
654 1286 679 1324 11
702 1298 771 1340 reges,
794 1284 831 1340 qui

173 1358 252 1412 ultimis
267 1345 396 1414 temporibus
410 1359 490 1400 Romae
505 1366 571 1400 essent
584 1359 698 1414 regnaturi.

202 1432 287 1490 Cognitis
301 1433 367 1490 igitur
383 1431 463 1489 origine
476 1429 613 1474 numerorum
629 1434 668 1486 12,
684 1436 697 1475 8
713 1439 734 1473 et
750 1435 773 1483 3,
794 1447 827 1475 re-

172 1515 221 1560 stat,
237 1515 261 1550 ut
275 1507 409 1566 indagemus,
426 1522 527 1569 quosnam
536 1522 595 1565 reges
609 1521 646 1563 per
655 1508 682 1549 12
697 1506 748 1560 alas,
764 1509 827 1551 8su-

170 1584 250 1632 balares
265 1591 286 1627 et
300 1587 313 1627 3
327 1584 393 1641 capita
406 1592 479 1626 auctor
494 1583 692 1643 intellexeritglnam
705 1598 743 1641 per
758 1598 825 1626 mem-

169 1660 207 1703 bra
221 1660 257 1703 illa
272 1675 330 1718 reges
346 1675 389 1702 esse
403 1658 548 1717 intelligendos
563 1659 607 1715 ipse
621 1658 682 1701 docet
694 1659 716 1706 G.
732 1660 779 1701 ΧΠ.
798 1662 825 1703 14

169 1752 214 1795 sqq.
229 1736 260 1793 V.⁴
272 1737 316 1779 Lat.
337 1736 380 1779 Nec
395 1736 482 1778 miretur
497 1736 618 1793 quisquam,
633 1742 739 1783 auctorem
753 1750 824 1778 omnes
853 1742 854 1746 ’

169 1827 215 1864 ecs,
225 1811 262 1868 qui
272 1813 350 1855 Romae
365 1811 464 1854 dominati
478 1811 529 1862 sint,
543 1825 602 1868 reges
615 1824 704 1863 voeare3v
714 1810 824 1859 Orientalis

168 1887 230 1931 homo
246 1902 359 1945 quemque,
375 1887 491 1930 dominium
509 1893 651 1937 exercentem,
667 1900 741 1944 regem
756 1872 822 1947 (ᾗῇ)
872 1913 873 1916 ,

168 1966 271 2023 appellare
287 1965 348 2018 sclet3
364 1980 395 2007 res
413 1965 469 2006 enim
488 1963 572 2020 publica
584 1963 607 2005 in
624 1962 710 2006 Oriente
723 1962 822 2019 incogni-

169 2050 188 2084 ta
202 2049 238 2084 est.
271 2050 272 2053 ’

197 2119 264 2173 Supra
283 2117 383 2167 vidimus,
402 2124 508 2159 auctorem
528 2115 643 2158 describere
663 2114 715 2156 velle
733 2129 823 2172 regnum
846 2143 847 2147 =

167 2196 284 2236 Romanum
298 2194 324 2236 ab
332 2193 391 2235 initio
399 2194 442 2235 eius
455 2192 510 2235 inde.
525 2191 606 2234 Idcirco
618 2190 659 2232 duo
667 2204 725 2232 casus
736 2188 822 2248 cogitari

166 2278 259 2327 possunt:
266 2270 299 2313 vel
306 2271 362 2312 enim
370 2269 486 2312 describere
493 2268 558 2311 voluit
566 2281 655 2324 regnum
660 2265 725 2309 hocce
732 2265 821 2328 oprimis

167 2347 216 2389 inde
225 2347 268 2388 eius
276 2345 344 2398 initiis,
352 2345 366 2388 i.
376 2360 394 2388 e.
403 2360 415 2387 a
423 2345 490 2402 primo
499 2346 557 2401 Rege
563 2342 660 2393 Romulo,
667 2343 700 2384 rel
710 2341 821 2399 imperium
846 2375 848 2378 v

166 2425 282 2467 Romanum
298 2423 361 2465 unice
375 2422 474 2479 spectavit
489 2421 527 2462 sub
541 2418 820 2475 Juliofiaesare,prim01m-
869 2422 870 2425 ’

165 2508 265 2557 peratore,
286 2500 307 2542 Si
319 2499 373 2542 hanc
385 2498 505 2543 sententiam
521 2497 681 2554 amplectamur,
693 2495 745 2537 liber
757 2497 817 2539 scribi

187 2676 213 2721 (1)
225 2675 265 2709 Vide
277 2675 305 2708 XI.
318 2678 339 2708 12
350 2684 365 2709 et
376 2679 399 2708 20
411 2677 430 2710 V.
443 2678 485 2717 Lat,
498 2684 514 2709 et
524 2687 564 2721 quae
575 2669 595 2709 ad
606 2676 623 2709 h.
635 2676 646 2707 l.
660 2655 755 2707 monuimus

186 2737 211 2783 {2}
222 2739 263 2772 Vide
275 2747 403 2785 srnncmmur,
416 2741 432 2774 iu
446 2741 571 2784 Ornithotcgia,
583 2738 626 2783 1,-1.
640 2739 651 2771 t.
664 2739 686 2770 ΙΙ.
700 2748 716 2781 p.
729 2736 767 2767 112,
800 2760 801 2763 ,
823 2734 825 2737 ”
