1758 3351
474 249 502 291 22

161 367 220 416 Hane
233 367 373 410 difficultatem
385 372 441 413 aurit
455 371 515 413 etiam
529 372 622 423 incuria,
636 371 678 428 qut
692 388 740 430 erga
754 372 811 416 hunc

147 447 148 450 ’
161 443 238 486 librum
255 442 300 488 Viri
318 443 374 488 docti
390 447 463 490 versati
479 453 538 497 sunt,
561 461 614 504 quae
628 454 684 501 tanta
697 455 737 499 est,
751 456 776 491 ut
789 450 823 492 in¹

161 518 362 573 introductionibus,
378 537 432 579 quae
443 531 555 575 vocantur,
569 523 592 565 in
602 519 667 567 libros
679 524 811 582 Apocrvphos

160 594 186 639 V.
194 596 225 648 Τ.,
236 597 386 649 Et'cltltorm'z‘,
400 599 529 642 Bertltololti
539 608 560 642 et
573 600 599 642 de
615 599 654 643 W
651 602 708 652 cttt'i,
723 615 750 643 ne
762 614 811 641 me-

159 681 252 715 moretur
263 675 359 731 quidem.-
372 676 426 718 Hinc
441 675 503 718 etiam
515 675 604 727 factum,
619 682 643 717 ut
655 675 681 718 de
695 675 769 719 Codice
778 675 812 716 vel

159 748 279 802 codicibus,
296 751 394 808 equibus
409 751 444 795 hic
457 752 510 795 liber
522 752 613 809 primum
629 750 694 793 editus
707 759 744 803 est,
760 741 812 793 nibil

158 832 279 868 annotatum
299 827 422 879 viderimus,
442 843 513 885 neque
532 829 584 871 alius
604 834 710 885 apparatus
728 826 811 869 criticus

158 899 184 941 ad
199 914 272 942 manus
285 901 353 952 fuerit,
367 902 406 943 nisi
419 902 500 944 collatio
516 904 552 946 tts.
564 901 750 959 SangcrmanensiS‚
759 916 811 958 quae
827 960 831 963 ἱ

158 971 261 1018 εΧεῒπίη
279 976 310 1020 ed.
330 977 433 1022 Versionis
454 977 538 1020 Latinae
554 977 655 1019 librorum
672 979 782 1020 Sacrorum
799 993 812 1020 a

158 1051 263 1094 Sabatiero
290 1052 374 1109 parati,
399 1060 461 1110 atque
484 1060 572 1110 utraque
593 1053 665 1098 Versio
686 1051 809 1103 ostentatis,

156 1127 244 1170 Arabica
256 1128 355 1170 nimirum
363 1128 514 1190 ctAetlriopica.
528 1128 625 1183 Quamvis
637 1129 811 1182 erArabicchr-

156 1203 213 1245 sione
226 1202 279 1246 nihil
291 1204 348 1247 aliud
361 1204 438 1247 discere
448 1204 559 1260 potuimus,
568 1218 632 1261 quam
645 1218 700 1260 quae
706 1203 810 1246 Fabricius

155 1277 182 1319 in'
192 1277 241 1332 cod.
256 1278 387 1336 Pseudepigr.
400 1281 426 1324 V.
442 1280 465 1321 T.
484 1287 503 1321 et
517 1279 657 1322 monuncnin
665 1278 696 1321 ed.
706 1278 809 1323 Versionis

154 1352 288 1410 Aethiopicae
298 1356 324 1397 de
336 1357 361 1398 ed
370 1363 500 1398 annotarunt.
508 1355 612 1401 Versionis
624 1354 706 1397 Latinae
714 1354 808 1406 editione,
872 1353 874 1362 ¹

154 1444 167 1472 a
180 1430 284 1473 Sabatiero
296 1431 377 1487 parati,
390 1432 423 1473 usi
437 1446 521 1482 sumus,
538 1446 602 1489 quam
612 1431 634 1473 in
644 1429 771 1487 paucissimis
783 1431 809 1473 ab

153 1504 243 1548 editione
256 1506 381 1558 Fabricium,
398 1506 420 1547 in
433 1505 496 1549 lrrrius
509 1506 583 1549 Godiee
596 1506 728 1564 Pseudepigr.
742 1507 768 1552 V.
783 1507 806 1559 Τ.

150 1596 171 1637 p.
189 1583 311 1636 193-307,
326 1583 407 1625 differre
418 1582 609 1625 animadvertimus:
630 1582 655 1625 ef.
670 1583 697 1625 X.
713 1585 753 1634 13,
766 1585 806 1634 593
827 1626 828 1629 ,

148 1659 186 1703 XI.
200 1661 241 1712 243
258 1659 305 1702 ΧΠ.
320 1663 347 1712 3,
366 1662 405 1712 25,
421 1663 448 1703 32
455 1677 460 1713 ;
474 1660 532 1703 ΧΠΙ.
548 1663 568 1711 4,
585 1662 619 1701 17.
641 1658 758 1701 Editionem
770 1666 807 1703 ta-

149 1749 199 1776 men
216 1734 377 1778 Sahatierianam
394 1735 543 1778 accuratiorem
566 1733 684 1776 esscnohis
700 1735 806 1790 apparuit,
857 1737 862 1741 ”

149 1825 189 1852 nec
204 1811 321 1851 immunem
337 1826 379 1851 csse
395 1810 505 1852 editionem
520 1810 662 1852 Fabricianum
677 1826 690 1852 a
703 1811 757 1852 vitiis
771 1818 807 1868 ty-

148 1885 287 1944 pographicis
314 1886 388 1928 Textus
402 1893 473 1928 autem
484 1884 580 1941 Latinus,
595 1886 632 1942 qui
646 1886 667 1927 in
683 1885 754 1928 Bibliis
765 1887 807 1929 Ju-

148 1963 179 2005 nii
195 1970 216 2004 et
230 1961 335 2004 Tremellii
349 1961 464 2013 invenitur,
481 1961 509 2004 ita
527 1962 583 2004 omni
600 1962 720 2005 auctoritate
736 1962 807 2006 critica

149 2039 257 2083 destitutus
276 2047 318 2091 est,
338 2046 362 2082 ut
379 2038 411 2081 vel
423 2054 447 2081 ca
462 2039 533 2090 verba,
551 2054 604 2096 quae
621 2038 668 2095 ipsis
682 2054 730 2082 cum
745 2054 806 2082 com-

149 2124 171 2159 to
194 2131 289 2158 sermone
305 2116 377 2158 Latino
397 2131 440 2158 non
460 2116 572 2164 convenire
585 2114 719 2172 videbantur,
733 2130 806 2174 quam-

149 2192 180 2234 vis
197 2192 280 2234 nullum
299 2190 448 2247 depravationis
466 2190 567 2234 indicium
580 2190 605 2232 iis
623 2191 709 2247 inesset,
725 2200 806 2235 mutare

150 2268 196 2311 ausi
207 2269 254 2311 sint.
277 2267 341 2310 Multo
353 2268 400 2323 plus
413 2267 512 2310 debemus
526 2266 622 2311 Versioni
635 2267 730 2326 Belgicae
745 2266 806 2310 huius

149 2327 204 2396 iibri,
216 2361 229 2389 a
241 2344 321 2388 Palmio
334 2351 411 2395 nostro,
427 2344 471 2386 viro
484 2343 523 2395 Gt,
537 2340 652 2396 conlectae,
669 2344 727 2388 cuius
739 2344 805 2386 inter-

151 2423 237 2480 pretatio
254 2422 354 2480 librorum
366 2423 477 2465 Sacrorum
490 2420 516 2463 ab
529 2421 635 2474 omnibns,
646 2428 747 2479 quotquot
759 2436 804 2465 eam

152 2500 259 2555 noverint,
281 2501 365 2542 summis
382 2497 486 2541 extollitur
498 2497 599 2542 laudibus.
629 2497 729 2554 capital.
744 2505 764 2539 et
775 2497 796 2539 H

152 2585 215 2634 atque
222 2578 268 2621 XV.
281 2584 301 2618 et
310 2578 365 2621 XVI.
376 2575 487 2618 omittenda
495 2589 536 2617 esse
542 2573 637 2618 duximus
645 2573 721 2630 quippe
728 2573 802 2631 spuria.

422 2709 519 2728 »ψ-
574 2698 576 2701 ⁴
