1758 3351
483 257 524 297 156

174 398 239 442 posse,
266 382 302 425 llis
318 373 376 425 dictis
392 382 443 423 Ezra
460 381 486 423 ad
506 381 567 423 aliam
584 383 656 425 transit
677 384 830 440 (praestionem3

175 468 235 518 rogat
248 459 316 512 enim,
331 473 382 502 num
388 466 455 502 mater
462 490 467 510 ,
475 466 530 500 terra
535 489 541 510 ,
546 457 628 513 juvenis
635 459 703 502 adhuc
710 463 747 513 sit,
754 477 781 504 arr
787 458 832 517 jam

175 537 202 582 ad
214 544 343 580 senectutem
357 535 515 594 appropinquet.
531 536 676 580 Senescentem
688 552 733 580 eam
743 552 793 590 esse,
803 539 832 581 ait

174 614 276 672 Angelus.
287 664 288 667 Ἴ
301 615 341 656 Per
350 626 431 669 quem,
445 617 504 669 rogat
517 603 580 667 porro
589 612 653 664 Eira,
663 613 718 655 Deus
728 614 832 657 mundum

176 697 206 733 cst
217 691 340 733 visitaturus.
356 688 461 740 Primum,
476 687 587 745 respondet
598 689 702 746 Angelus,
712 705 753 746 per
762 689 832 733 filium

176 767 271 817 hominis
283 765 357 808 deinde
366 780 404 822 per
414 780 448 807 me
457 765 526 822 ipsum
536 762 575 823 (1),
585 772 616 817 et,
628 779 692 822 quum
703 765 740 808 ille
749 766 832 824 signum

161 871 164 875 Δ
176 848 273 899 quaerat,
288 856 353 897 equo
367 848 478 898 eognoscat
490 849 571 899 tempus
581 830 660 883 mundo
673 842 788 885 etiamnum
800 857 835 884 su-

176 925 261 974 perstes,
274 916 308 959 bic
323 917 410 959 obscure
422 915 444 958 id
454 915 524 958 tradit.
540 917 637 972 Tempus,
646 918 681 968 ait,
691 917 757 961 hoece
769 918 835 960 simile

178 1001 208 1036 est
226 992 316 1049 tempori
331 993 357 1034 ab
370 990 489 1034 Abrahamo
502 1005 569 1048 usque
582 990 608 1034 ad
620 991 725 1044 lsadeum,
742 1000 762 1034 et
775 994 836 1036 sicuti

177 1069 266 1113 lacobus
278 1068 337 1111 Esovi
349 1068 469 1110 calcaneum
481 1067 580 1118 tenebat,
589 1082 655 1125 quum
666 1075 755 1126 uterque
763 1084 836 1112 nasce-

177 1153 245 1197 retur,
259 1144 343 1196 initium
357 1143 431 1186 mundi
445 1143 517 1186 futuri
531 1145 575 1186 sine
589 1145 741 1188 intermissione
759 1161 836 1204 seque-

177 1231 212 1265 tur
226 1220 294 1263 finem
307 1220 370 1263 liuius
385 1218 466 1262 mundi.
491 1220 584 1263 Tandem
599 1222 651 1264 Ilura
665 1222 692 1265 ab
703 1223 784 1280 Angelo
800 1237 836 1264 ro-

180 1305 226 1356 gat,
241 1304 266 1340 ut
280 1304 354 1353 pergat
368 1296 391 1337 in
405 1296 467 1353 siguis
477 1296 594 1351 tradendis,
607 1313 619 1340 e
634 1299 710 1355 quibus
719 1299 765 1347 finis
775 1299 836 1341 huius

179 1373 254 1416 mundi
270 1371 366 1429 cognosci
380 1371 448 1426 possit.
474 1371 560 1423 Veniet,
575 1373 645 1429 iuquit
658 1375 757 1430 Angelus,
775 1374 836 1433 (filius

179 1445 285 1503 hominis),
299 1454 323 1489 ut
335 1446 403 1487 visitet
418 1460 462 1496 eos,
477 1446 515 1503 q'ui
527 1461 551 1488 eo
564 1454 657 1504 tempore
670 1448 693 1489 in
706 1456 762 1492 terra
768 1449 837 1493 adhuc

179 1525 254 1568 vivent.
277 1525 331 1566 Tum
345 1523 389 1579 ipse
403 1522 458 1564 Deus
473 1522 566 1579 inquiret
579 1523 602 1565 in
616 1523 726 1567 bominum
740 1526 837 1581 impieta-

179 1609 233 1652 tem,
248 1598 332 1656 quando
344 1599 395 1640 Sion
410 1612 519 1655 novusque
534 1598 624 1641 mundus
640 1600 678 1642 erit
686 1601 800 1657 perfeetus;
810 1603 838 1643 li-

179 1677 212 1720 bri
236 1675 266 1735 (in
286 1674 363 1732 quibus
383 1673 493 1716 hominum
512 1675 566 1717 foeta
581 1675 683 1731 descripta
696 1675 751 1734 suut)
772 1680 837 1735 aperti

178 1753 290 1809 jacebunt,
303 1751 332 1792 ita
345 1757 369 1791 ut
383 1750 470 1806 quisque
483 1764 516 1792 eos
531 1750 601 1793 videre
614 1752 687 1808 possit,
702 1754 763 1809 pueri
776 1755 838 1796 anni-

181 1828 224 1872 culi
242 1829 367 1883 loquentur3
391 1826 502 1883 gignentur
525 1826 625 1878 infantes,
647 1841 697 1884 quos
712 1835 787 1871 matres
802 1843 839 1885 per

181 1915 221 1948 tres
235 1912 318 1947 tantum
333 1910 447 1960 quatuorve
457 1917 538 1945 meuses
549 1912 663 1961 gesserunt;
676 1912 731 1948 terra
740 1906 840 1949 seminata

182 1998 206 2025 er
221 1977 332 2038 improviso
347 1979 450 2021 ridebitur
460 1994 503 2021 non
513 1979 621 2033 seminata3
632 1979 706 2023 horrea
716 1981 778 2037 plena
790 1996 840 2041 oon-

181 2059 295 2116 spicientur
313 2072 390 2111 vacua,
410 2055 462 2098 ruht
481 2057 600 2113 clangetur,
618 2057 647 2099 ita
667 2064 691 2099 ut
706 2072 788 2109 omnes,
804 2058 841 2115 qui

182 2128 326 2186 auditurisint,
333 2134 426 2186 timeanr
434 2133 497 2176 amici
504 2147 552 2175 oum
562 2133 633 2176 amicis
642 2134 771 2192 pugnabunt;
777 2149 841 2192 pavor

184 2228 254 2255 omnes
269 2211 352 2255 invadet
366 2211 471 2264 bomines;
488 2226 590 2268 equarum
599 2211 665 2253 fontes
679 2226 718 2268 per
727 2220 768 2254 tres
777 2227 841 2255 armos

184 2286 227 2331 non
244 2288 316 2333 fluent.
346 2288 388 2344 Qui
406 2302 454 2330 vero
469 2288 584 2331 remansuri
601 2289 642 2330 sint
657 2303 681 2330 ex
695 2288 791 2330 omnibus
805 2288 841 2340 iis,

185 2364 222 2421 qui
237 2371 282 2406 tum
294 2365 375 2417 vivent,
386 2366 477 2408 salutum
487 2365 577 2408 divinam
589 2360 725 2420 conspicient,
736 2363 843 2421 finemque
861 2422 862 2425 Ἴ

185 2440 270 2494 mundi,
286 2440 387 2485 videbunt
403 2457 448 2494 eos,
460 2442 529 2499 quiin
539 2441 621 2484 coelum
631 2441 791 2494 adscenderunt;
807 2443 843 2484 cor

134 2509 137 2515 '⁵
186 2530 259 2559 eorum
273 2518 397 2572 mutabitur,
413 2535 461 2563 vera
476 2518 526 2562 fides
541 2517 636 2577 reguabit
652 2525 673 2560 et
684 2517 773 2573 justitia,
785 2533 842 2575 vquae

186 2593 295 2650 hucusque
314 2596 382 2638 truilos
400 2597 448 2638 tulit
460 2596 554 2648 fructus,
571 2595 660 2638 florebit.
687 2593 780 2652 Angelus
794 2609 842 2637 vero

212 2760 235 2805 (l)
248 2761 316 2803 angerus
328 2764 385 2796 iterum
397 2764 477 2809 loquitur,
490 2776 507 2797 ro
519 2766 532 2796 si
544 2766 576 2807 ipse
590 2760 629 2795 esset
640 2763 687 2795 Deus..
