1758 3351
297 694 500 752 turnultus.
532 753 534 756 ,
556 724 559 729 ·

77 1077 79 1080 ’
99 1058 139 1112 ΑΙ)
151 1065 239 1123 antiquis
247 1053 301 1106 ¹inde
314 1062 442 1120 temporibus
460 1062 521 1104 multi
528 1061 613 1104 fuerunt
621 1061 665 1106 Viri
672 1062 724 1107 doc-

69 1146 94 1196 ti,
114 1143 151 1200 qui
167 1134 317 1198 vilipenderent
332 1141 396 1182 Ezrae
414 1138 492 1181 librum
505 1139 527 1180 in
540 1138 639 1183 Versione
652 1140 723 1183 Latind

68 1224 169 1277 quartum
182 1217 282 1270 dictum,
303 1231 345 1274 quo
361 1217 440 1259 sactum
459 1222 483 1257 ut
502 1214 620 1271 paucissimi
640 1223 722 1258 tanturn

0 1303 2 1346 ᾗ
66 1295 154 1347 fuerint,
175 1294 210 1353 qui
225 1293 287 1335 iilum
303 1291 438 1349 explicatione
453 1290 542 1349 dignum
557 1298 665 1333 censerent
683 1288 722 1348 (1)

65 1372 111 1414 Nou
125 1372 203 1412 mirum
217 1369 302 1421 idcireo,
318 1369 419 1426 plurimos
428 1367 479 1417 fore,
490 1366 633 1423 disputationis
641 1374 723 1408 nostrae

66 1454 212 1504 argumentum
225 1444 390 1495 considerantes,
407 1442 482 1500 quibus
497 1442 551 1485 illud
565 1449 623 1484 tanto
637 1442 722 1493 labore,

1 1505 4 1545 s
66 1529 168 1578 quantum
177 1521 197 1562 ei
207 1519 352 1575 impendimus,
360 1518 470 1575 indignum
477 1516 577 1559 videatur.
586 1517 630 1569 Ast,
639 1514 721 1574 quaese,

65 1611 92 1638 ne
106 1597 135 1637 ita
142 1594 246 1650 judicetis,
258 1594 360 1644 Lectores,
369 1600 482 1649 antequam
494 1591 562 1647 ipsum
570 1592 633 1635 Ezrae
643 1593 721 1635 librum

65 1670 180 1714 accuratius
199 1669 349 1726 cognoveritis,
363 1683 403 1711 nec
421 1668 496 1719 illum,
512 1675 612 1726 tanquam
623 1669 721 1725 jejunum

1 1799 2 1803 Ἰ
66 1746 201 1803 opusculum,
221 1745 320 1787 continuo
337 1744 363 1787 de
385 1758 450 1787 manu
473 1744 560 1801 ponatis.
599 1745 625 1787 Et
640 1745 721 1803 gaudeo

65 1815 165 1873 maxime,
187 1837 224 1865 nos
248 1837 271 1863 eo
293 1822 361 1863 virere
380 1829 482 1878 tempore,
501 1834 543 1879 quo
560 1822 608 1866 talia
626 1822 720 1880 Scripta,

65 1898 126 1955 quale
138 1905 207 1940 noster
220 1905 250 1940 est
261 1896 320 1949 liber,
334 1899 449 1940 accuratius
465 1897 622 1956 investigantur:
636 1914 678 1957 quo
690 1899 720 1951 fit,

64 1982 88 2015 ut
102 1974 221 2030 multi‘jam
236 1988 279 2016 non
295 1974 383 2030 amplius
399 1989 448 2016 cum
464 1981 569 2016 contemtu
585 1989 634 2017 eum
649 1975 720 2032 despi-

65 2050 125 2093 ciant.
141 2050 205 2093 Causa
220 2057 296 2101 autem,
309 2049 335 2092 ob
345 2063 408 2107 quam
417 2050 470 2092 liber
478 2057 554 2103 noster,
564 2051 628 2093 Ezrae
640 2053 720 2093 auctori

64 2125 188 2182 adscriptus,
204 2127 267 2184 vulgo
282 2125 377 2182 plurimis
393 2126 509 2177 sorduerit,
524 2126 586 2169 unice
602 2127 720 2183 quaerenda
760 2127 762 2130 ’

63 2202 115 2244 mihi
130 2202 212 2245 ridetur
223 2203 246 2247 in
259 2218 289 2254 eo,
304 2202 360 2261 quod
373 2203 399 2246 ad
405 2211 476 2247 nostra
483 2219 549 2262 usque
558 2211 650 2260 tempora
658 2198 719 2248 huius

63 2276 110 2320 libri
122 2294 164 2321 non
175 2279 215 2322 nisi
226 2280 299 2326 Versio
312 2280 384 2323 Latina
398 2281 481 2339 cognita
492 2281 566 2333 fucrit,
581 2281 639 2324 cuius
651 2288 719 2323 textus

63 2354 114 2396 adeo
129 2363 159 2397 est
172 2365 287 2414 corruptus,
301 2364 325 2399 ut
341 2358 435 2414 pluribus
449 2358 471 2400 in
483 2358 534 2409 loeis
548 2372 632 2400 sensum
645 2358 718 2400 verho-

3 2585 6 2600 ,
85 2549 111 2593 (l)
122 2551 163 2584 vite
175 2563 215 2596 quae
227 2552 256 2585 hac
268 2552 328 2596 dere,
340 2559 359 2584 ut
371 2559 388 2585 et
400 2552 419 2584 de
428 2553 459 2596 tis,
472 2554 500 2596 qni
511 2551 624 2603 huncklibrum
637 2553 717 2597 explicue-

62 2617 105 2652 runt,
111 2623 212 2658 monuerunt,
220 2624 299 2648 raanrotus
306 2618 324 2648 in
334 2615 375 2649 Cod.
384 2616 479 2661 Apocrajph.
489 2615 510 2649 V.
520 2614 716 2659 T.vol„11.p.174-1ea,

63 2678 80 2703 et
90 2675 149 2715 adona,
163 2677 238 2710 Versuelr
249 2680 295 2711 einer
304 2679 395 2711 vollstdnd.
408 2680 478 2711 Einteit.
489 2679 508 2709 ia
519 2677 547 2709 dte
558 2677 640 2722 Offendor,
652 2679 716 2710 ,111111111-

63 2736 90 2766 nis
102 2734 151 2779 (Boon
159 2739 210 2783 1832)
222 2751 239 2783 p.
253 2742 285 2772 101
298 2749 352 2787 annot.
365 2744 381 2775 1,
574 2744 576 2747 ’
