1758 3351
483 273 510 313 36

173 412 221 454 ergo
238 395 264 438 irs.
280 398 307 439 48
327 402 347 437 et
363 398 390 440 49
404 396 439 440 hic
453 404 493 439 est:
509 411 537 439 vs.
551 399 578 441 48
591 399 621 441 ait
636 398 702 449 Deus,
717 414 739 441 se
751 385 821 442 matri-

173 488 218 515 cem
231 480 296 515 terrae
308 487 346 530 per
358 480 449 531 tempus,
466 488 508 515 non
521 488 570 515 vero
588 476 685 528 semelet
697 489 745 525 arna,
761 476 822 518 desti-

172 562 229 590 nasse
250 548 286 600 iis,
308 550 343 607 qui
357 549 479 606 procreandi
494 556 571 602 essent,
586 564 614 591 vs.
632 554 667 603 49,
682 551 735 594 hanc
752 558 822 594 antem

172 625 280 667 matricem
299 624 328 668 ita
352 641 393 668 esse
409 625 539 683 dispositam,
558 633 582 668 at
594 625 653 668 initio
670 628 739 670 similis
751 627 822 670 fuisset

172 701 254 744 matrici
264 702 356 752 infantis,
373 716 426 758 quae
440 702 533 745 nondum
546 703 618 759 pariat,
633 699 708 758 nempe
722 712 769 746 ante
783 703 823 747 ho-

173 776 238 818 mines
252 784 374 832 procreatos,
390 786 410 820 et
419 785 445 820 vut
457 778 541 821 tandem
553 778 622 821 similis
635 778 705 821 futura
718 787 770 821 esset
779 794 823 822 ma-

172 851 219 893 trici
232 853 324 895 mulieris
330 860 340 904 ,‘
349 869 403 910 quae
412 856 508 905 senuerit,
522 863 542 896 et
551 870 623 910 parcre
631 855 717 911 amplius
725 846 822 911 nequeat,

172 941 247 984 nempe
260 935 305 983 post
318 927 415 969 ultimum
427 928 538 983 judicium,
553 930 635 984 qnando
643 929 735 972 homines
742 930 763 972 in
774 944 823 985 pos-

173 1010 241 1045 terum
260 1001 315 1045 haud
334 1003 431 1046 nascituri
446 1003 491 1045 sint.
513 1002 571 1045 Hanc
583 1018 625 1045 esse
635 1002 710 1045 horum
727 1019 822 1046 versuum

175 1079 296 1121 sententiam
309 1086 366 1135 patet
382 1094 435 1121 evs.
449 1082 477 1122 50
488 1065 545 1134 seq„
559 1079 595 1121 ubi
607 1080 657 1121 Ezra
668 1087 738 1136 rogat,
753 1086 823 1121 utrum

173 1154 264 1217 mundus
276 1155 358 1210 juvenis
377 1153 444 1197 adhuc
458 1155 494 1205 sit,
513 1169 539 1196 an
553 1169 601 1196 vero
618 1155 717 1197 senectuti
731 1155 775 1210 jam
789 1170 824 1211 ap·

172 1231 308 1287 propinquet,
320 1245 412 1288 eamque
426 1220 559 1287 comprobare
572 1230 652 1273 videtur
661 1231 720 1275 Vers.
734 1230 796 1273 Arato.

203 1309 239 1353 Vs.
250 1311 291 1351 50.
307 1309 359 1366 jorn
375 1311 486 1351 senectuti.
517 1309 614 1353 Contenta
629 1309 691 1352 oratio
707 1308 784 1359 suadet,
800 1315 824 1349 nt

174 1392 222 1428 ante
235 1384 287 1427 haec
303 1385 364 1428 rerba
377 1385 458 1442 legatur
473 1397 508 1426 on.
552 1432 554 1441 ι

203 1461 238 1505 Vs.
256 1463 290 1502 52.
308 1464 358 1502 onte
373 1465 400 1501 te.
431 1460 533 1504 Voculam
544 1465 574 1511 te,
588 1459 664 1517 quippe
678 1476 689 1503 e
702 1461 733 1503 bis
751 1459 825 1517 scriptd

153 1552 155 1555 ’
173 1535 304 1593 praecedenti
326 1533 403 1593 syliabd
417 1543 493 1588 ortam,
508 1535 568 1591 ejice:
587 1543 643 1579 recte
658 1537 715 1579 deest
728 1535 750 1578 in
764 1536 822 1580 Vers.

173 1612 233 1656 Aetli.
674 1604 676 1607 '

203 1690 238 1733 Vs.
261 1692 297 1731 53.
319 1689 343 1728 z'n
357 1688 471 1744 juventute
492 1689 591 1729 virtutis.
622 1688 727 1729 Laurence
750 1687 772 1728 in
792 1686 839 1728 cd„

174 1765 233 1809 Vers.
248 1762 309 1806 aeth.
323 1778 344 1820 p.
361 1765 402 1805 174
416 1763 456 1814 ait,
469 1762 600 1805 Ambrosium
613 1775 651 1817 pro
664 1760 695 1802 his
707 1761 773 1803 verbis
785 1759 826 1802 ha-

175 1840 225 1882 here
237 1841 260 1880 tn
273 1840 354 1880 eertnte
363 1829 498 1895 juventutis,
516 1852 569 1894 qnae
583 1837 656 1887 lecti0,
671 1837 748 1893 quippe
759 1837 826 1891 aptior

176 1923 196 1958 et
210 1915 304 1958 Versioni
317 1913 378 1956 Aeth.
394 1929 496 1972 congrua,
510 1912 644 1969 praeferenda
656 1919 692 1954 est.

186 1991 240 2035 ‘Va
262 1993 298 2035 55.
321 1995 454 2033 senescentes
474 2012 504 2021 -
518 1994 692 2047 praetereuntes.
729 1987 826 2064 Contextp

176 2067 240 2110 oratio
252 2066 333 2119 suadet,
348 2075 372 2109 ut
385 2065 407 2109 h.
422 2066 436 2108 l.
452 2066 533 2122 legatur
546 2070 666 2108 senescente
680 2066 786 2107 creature
796 2088 825 2096 —-

171 2149 340 2202 praetereunte,
359 2158 421 2200 quam
439 2142 603 2185 emendationem
618 2142 725 2185 confirmat
740 2157 826 2184 ansaoss

175 2235 218 2263 sros
231 2220 254 2262 in
267 2220 297 2271 iis,
312 2235 366 2278 quae
380 2235 391 2262 e
406 2228 474 2262 nostro
489 2220 542 2262 libro
557 2220 627 2262 citarit
636 2220 658 2260 in
671 2219 725 2261 libro
737 2219 764 2260 de
775 2218 827 2260 boreo

176 2299 254 2339 mortis
275 2311 293 2338 o.
317 2298 344 2339 10
360 2297 401 2337 t.1
424 2296 462 2338 col.
480 2298 522 2338 408
539 2310 556 2337 o.
587 2296 677 2337 Fortasse
694 2296 759 2337 teitus
772 2293 826 2335 Lati·

175 2385 215 2412 nos
228 2370 277 2412 olim
292 2371 331 2412 fuit
347 2371 476 2431 senescentis
486 2374 602 2412 crentenne
614 2395 644 2401 —
652 2369 825 2428 praetereuntis,

177 2454 197 2488 et
212 2447 241 2489 sic
255 2447 357 2504 Interpres
370 2448 454 2490 Latinus
469 2446 494 2488 ad
506 2446 586 2488 literam
600 2446 687 2489 reddidit
697 2444 834 2495 Genitivnm,

176 2537 239 2580 quem
253 2523 369 2566 ahsolutum
385 2523 467 2574 dicunt,
480 2523 615 2579 Graecorum.
676 2568 679 2571 ,
710 2550 713 2552 —

447 2662 553 2677 ,Q—
616 2670 623 2676 ι,
666 2665 669 2670 ⁴
