<?xml version="1.0" encoding="UTF-8"?>
<!DOCTYPE html PUBLIC "-//W3C//DTD XHTML 1.0 Transitional//EN"
    "http://www.w3.org/TR/xhtml1/DTD/xhtml1-transitional.dtd">
<html xmlns="http://www.w3.org/1999/xhtml" xml:lang="en" lang="en">
 <head>
  <title>
</title>
<meta http-equiv="Content-Type" content="text/html;charset=utf-8" />
  <meta name='ocr-system' content='tesseract 3.04.00' />
  <meta name='ocr-capabilities' content='ocr_page ocr_carea ocr_par ocr_line ocrx_word'/>
</head>
<body>
  <div class='ocr_page' id='page_1' title='image "MN41901ucmf_4_0196.png"; bbox 0 0 1758 3351; ppageno 0'>
   <div class='ocr_carea' id='block_1_1' title="bbox 507 264 548 306">
    <p class='ocr_par' dir='ltr' id='par_1_1' title="bbox 507 264 548 306">
     <span class='ocr_line' id='line_1_1' title="bbox 507 264 548 306; baseline 0.098 -4"><span class='ocrx_word' id='word_1_1' title='bbox 507 264 548 306; x_wconf 85' lang='grc'>170</span> 
     </span>
    </p>
   </div>
   <div class='ocr_carea' id='block_1_2' title="bbox 185 383 847 2494">
    <p class='ocr_par' dir='ltr' id='par_1_2' title="bbox 186 383 847 1733">
     <span class='ocr_line' id='line_1_2' title="bbox 221 383 842 442; baseline 0 -15"><span class='ocrx_word' id='word_1_2' title='bbox 221 384 276 427; x_wconf 85' lang='lat' dir='ltr'>llaec</span> <span class='ocrx_word' id='word_1_3' title='bbox 292 392 322 426; x_wconf 87' lang='lat' dir='ltr'>est</span> <span class='ocrx_word' id='word_1_4' title='bbox 334 383 475 442; x_wconf 75' lang='lat' dir='ltr'>interpretatio</span> <span class='ocrx_word' id='word_1_5' title='bbox 490 384 582 438; x_wconf 79' lang='lat' dir='ltr'>visionis,</span> <span class='ocrx_word' id='word_1_6' title='bbox 598 399 661 441; x_wconf 86' lang='lat' dir='ltr'>quam</span> <span class='ocrx_word' id='word_1_7' title='bbox 671 387 794 439; x_wconf 84' lang='lat' dir='ltr'>Laureneius</span> <span class='ocrx_word' id='word_1_8' title='bbox 808 386 842 428; x_wconf 87' lang='lat' dir='ltr'>de-</span> 
     </span>
     <span class='ocr_line' id='line_1_3' title="bbox 191 456 842 518; baseline 0.006 -17"><span class='ocrx_word' id='word_1_9' title='bbox 191 460 226 502; x_wconf 87' lang='lat' dir='ltr'>dit.</span> <span class='ocrx_word' id='word_1_10' title='bbox 243 459 291 502; x_wconf 89' lang='lat' dir='ltr'>Eius</span> <span class='ocrx_word' id='word_1_11' title='bbox 305 456 330 503; x_wconf 86' lang='lat' dir='ltr'>de</span> <span class='ocrx_word' id='word_1_12' title='bbox 346 468 429 504; x_wconf 83' lang='lat' dir='ltr'>auctore</span> <span class='ocrx_word' id='word_1_13' title='bbox 444 461 492 503; x_wconf 83' lang='lat' dir='ltr'>libri</span> <span class='ocrx_word' id='word_1_14' title='bbox 504 460 617 504; x_wconf 90' lang='lat' dir='ltr'>sententiae</span> <span class='ocrx_word' id='word_1_15' title='bbox 630 460 682 503; x_wconf 87' lang='lat' dir='ltr'>nihil</span> <span class='ocrx_word' id='word_1_16' title='bbox 697 461 842 518; x_wconf 85' lang='lat' dir='ltr'>opponendum</span> 
     </span>
     <span class='ocr_line' id='line_1_4' title="bbox 189 535 842 595; baseline 0 -18"><span class='ocrx_word' id='word_1_17' title='bbox 189 535 267 588; x_wconf 89' lang='lat' dir='ltr'>habeo,</span> <span class='ocrx_word' id='word_1_18' title='bbox 290 537 325 580; x_wconf 86' lang='lat' dir='ltr'>sed</span> <span class='ocrx_word' id='word_1_19' title='bbox 347 553 401 594; x_wconf 89' lang='lat' dir='ltr'>quae</span> <span class='ocrx_word' id='word_1_20' title='bbox 420 536 445 580; x_wconf 89' lang='lat' dir='ltr'>de</span> <span class='ocrx_word' id='word_1_21' title='bbox 460 538 497 579; x_wconf 90' lang='lat' dir='ltr'>alis</span> <span class='ocrx_word' id='word_1_22' title='bbox 511 538 599 595; x_wconf 85' lang='lat' dir='ltr'>Aquilae</span> <span class='ocrx_word' id='word_1_23' title='bbox 615 537 701 594; x_wconf 83' lang='lat' dir='ltr'>eiusque</span> <span class='ocrx_word' id='word_1_24' title='bbox 716 538 842 580; x_wconf 87' lang='lat' dir='ltr'>subalaribus</span> 
     </span>
     <span class='ocr_line' id='line_1_5' title="bbox 190 613 842 671; baseline 0.002 -16"><span class='ocrx_word' id='word_1_25' title='bbox 190 621 210 655; x_wconf 90' lang='lat' dir='ltr'>et</span> <span class='ocrx_word' id='word_1_26' title='bbox 226 614 327 670; x_wconf 80' lang='lat' dir='ltr'>capitibus</span> <span class='ocrx_word' id='word_1_27' title='bbox 343 613 406 665; x_wconf 77' lang='lat' dir='ltr'>dixit,</span> <span class='ocrx_word' id='word_1_28' title='bbox 429 628 471 656; x_wconf 90' lang='lat' dir='ltr'>uon</span> <span class='ocrx_word' id='word_1_29' title='bbox 490 614 519 658; x_wconf 87' lang='lat' dir='ltr'>ita</span> <span class='ocrx_word' id='word_1_30' title='bbox 538 614 630 671; x_wconf 79' lang='lat' dir='ltr'>placent,</span> <span class='ocrx_word' id='word_1_31' title='bbox 650 621 741 656; x_wconf 81' lang='lat' dir='ltr'>et&#39;rccte</span> <span class='ocrx_word' id='word_1_32' title='bbox 756 614 842 657; x_wconf 67' lang='grc'><strong>(1111110-</strong></span> 
     </span>
     <span class='ocr_line' id='line_1_6' title="bbox 188 688 841 749; baseline -0.002 -18"><span class='ocrx_word' id='word_1_33' title='bbox 188 704 223 731; x_wconf 87' lang='lat' dir='ltr'>rus</span> <span class='ocrx_word' id='word_1_34' title='bbox 241 688 271 749; x_wconf 77' lang='lat'>(1)</span> <span class='ocrx_word' id='word_1_35' title='bbox 289 690 441 743; x_wconf 79' lang='lat' dir='ltr'>animadvertit,</span> <span class='ocrx_word' id='word_1_36' title='bbox 457 706 495 748; x_wconf 89' lang='lat' dir='ltr'>pro</span> <span class='ocrx_word' id='word_1_37' title='bbox 507 690 551 743; x_wconf 90' lang='lat' dir='ltr'>his,</span> <span class='ocrx_word' id='word_1_38' title='bbox 568 706 619 748; x_wconf 89' lang='lat' dir='ltr'>quos</span> <span class='ocrx_word' id='word_1_39' title='bbox 633 690 757 748; x_wconf 80' lang='lat' dir='ltr'>Laurencius</span> <span class='ocrx_word' id='word_1_40' title='bbox 772 690 841 747; x_wconf 80' lang='lat' dir='ltr'>signi-</span> 
     </span>
     <span class='ocr_line' id='line_1_7' title="bbox 188 763 842 824; baseline -0.002 -17"><span class='ocrx_word' id='word_1_41' title='bbox 188 765 245 807; x_wconf 89' lang='lat' dir='ltr'>ficari</span> <span class='ocrx_word' id='word_1_42' title='bbox 259 763 346 821; x_wconf 86' lang='lat' dir='ltr'>putavit,</span> <span class='ocrx_word' id='word_1_43' title='bbox 361 766 433 809; x_wconf 89' lang='lat' dir='ltr'>eodem</span> <span class='ocrx_word' id='word_1_44' title='bbox 446 767 494 823; x_wconf 86' lang='lat' dir='ltr'>jure</span> <span class='ocrx_word' id='word_1_45' title='bbox 510 768 559 810; x_wconf 86' lang='lat' dir='ltr'>alios</span> <span class='ocrx_word' id='word_1_46' title='bbox 568 767 671 824; x_wconf 81' lang='lat' dir='ltr'>principes</span> <span class='ocrx_word' id='word_1_47' title='bbox 680 768 783 809; x_wconf 83' lang='lat' dir='ltr'>Romanos</span> <span class='ocrx_word' id='word_1_48' title='bbox 794 765 842 807; x_wconf 91' lang='lat' dir='ltr'>sub-</span> 
     </span>
     <span class='ocr_line' id='line_1_8' title="bbox 189 841 843 897; baseline 0 -14"><span class='ocrx_word' id='word_1_49' title='bbox 189 841 246 883; x_wconf 91' lang='lat' dir='ltr'>stitui</span> <span class='ocrx_word' id='word_1_50' title='bbox 260 856 326 897; x_wconf 85' lang='lat' dir='ltr'>posse.</span> <span class='ocrx_word' id='word_1_51' title='bbox 356 844 399 884; x_wconf 88' lang='lat' dir='ltr'>Nec</span> <span class='ocrx_word' id='word_1_52' title='bbox 416 844 458 884; x_wconf 89' lang='lat' dir='ltr'>veri</span> <span class='ocrx_word' id='word_1_53' title='bbox 474 851 503 885; x_wconf 90' lang='lat' dir='ltr'>est</span> <span class='ocrx_word' id='word_1_54' title='bbox 518 845 596 894; x_wconf 84' lang='lat' dir='ltr'>simile,</span> <span class='ocrx_word' id='word_1_55' title='bbox 613 843 715 886; x_wconf 80' lang='lat' dir='ltr'>Judaeum</span> <span class='ocrx_word' id='word_1_56' title='bbox 726 850 768 884; x_wconf 90' lang='lat' dir='ltr'>tam</span> <span class='ocrx_word' id='word_1_57' title='bbox 781 856 843 884; x_wconf 89' lang='lat' dir='ltr'>accu-</span> 
     </span>
     <span class='ocr_line' id='line_1_9' title="bbox 190 904 843 977; baseline -0.002 -19"><span class='ocrx_word' id='word_1_58' title='bbox 190 924 233 959; x_wconf 88' lang='lat' dir='ltr'>rate</span> <span class='ocrx_word' id='word_1_59' title='bbox 253 918 363 960; x_wconf 75' lang='lat' dir='ltr'>Historiam</span> <span class='ocrx_word' id='word_1_60' title='bbox 383 904 653 977; x_wconf 73' lang='lat' dir='ltr'>Romanam&#39;cognovisse‚</span> <span class='ocrx_word' id='word_1_61' title='bbox 675 926 700 961; x_wconf 87' lang='lat' dir='ltr'>ut</span> <span class='ocrx_word' id='word_1_62' title='bbox 720 918 784 961; x_wconf 88' lang='lat' dir='ltr'>varios</span> <span class='ocrx_word' id='word_1_63' title='bbox 797 917 843 959; x_wconf 88' lang='lat' dir='ltr'>illos</span> 
     </span>
     <span class='ocr_line' id='line_1_10' title="bbox 190 993 842 1051; baseline 0 -18"><span class='ocrx_word' id='word_1_64' title='bbox 190 993 293 1049; x_wconf 84' lang='lat' dir='ltr'>principes</span> <span class='ocrx_word' id='word_1_65' title='bbox 308 993 331 1035; x_wconf 90' lang='lat' dir='ltr'>in</span> <span class='ocrx_word' id='word_1_66' title='bbox 345 994 462 1050; x_wconf 76' lang='lat' dir='ltr'>Republica</span> <span class='ocrx_word' id='word_1_67' title='bbox 476 997 570 1038; x_wconf 64' lang='lat' dir='ltr'>Romani</span> <span class='ocrx_word' id='word_1_68' title='bbox 584 996 636 1037; x_wconf 88' lang='lat' dir='ltr'>viros</span> <span class='ocrx_word' id='word_1_69' title='bbox 646 995 700 1037; x_wconf 88' lang='lat' dir='ltr'>bene</span> <span class='ocrx_word' id='word_1_70' title='bbox 712 993 842 1051; x_wconf 83' lang='lat' dir='ltr'>cognoverit:</span> 
     </span>
     <span class='ocr_line' id='line_1_11' title="bbox 190 1068 844 1129; baseline -0.002 -18"><span class='ocrx_word' id='word_1_71' title='bbox 190 1084 239 1111; x_wconf 87' lang='lat' dir='ltr'>narn</span> <span class='ocrx_word' id='word_1_72' title='bbox 256 1077 369 1112; x_wconf 83' lang='lat' dir='ltr'>exterarum</span> <span class='ocrx_word' id='word_1_73' title='bbox 386 1071 479 1127; x_wconf 85' lang='lat' dir='ltr'>gentium</span> <span class='ocrx_word' id='word_1_74' title='bbox 493 1069 590 1114; x_wconf 84' lang='lat' dir='ltr'>historiae</span> <span class='ocrx_word' id='word_1_75' title='bbox 604 1070 759 1129; x_wconf 81' lang='lat' dir='ltr'>cognoscendae</span> <span class='ocrx_word' id='word_1_76' title='bbox 771 1068 844 1111; x_wconf 89' lang='lat' dir='ltr'>Judaei</span> 
     </span>
     <span class='ocr_line' id='line_1_12' title="bbox 189 1135 843 1203; baseline -0.002 -17"><span class='ocrx_word' id='word_1_77' title='bbox 189 1159 231 1186; x_wconf 93' lang='lat' dir='ltr'>non</span> <span class='ocrx_word' id='word_1_78' title='bbox 241 1146 332 1188; x_wconf 88' lang='lat' dir='ltr'>multum</span> <span class='ocrx_word' id='word_1_79' title='bbox 348 1135 422 1203; x_wconf 88' lang='lat' dir='ltr'>operae</span> <span class='ocrx_word' id='word_1_80' title='bbox 437 1146 545 1200; x_wconf 82' lang='lat' dir='ltr'>dederunt,</span> <span class='ocrx_word' id='word_1_81' title='bbox 561 1154 581 1190; x_wconf 90' lang='lat' dir='ltr'>et</span> <span class='ocrx_word' id='word_1_82' title='bbox 596 1148 613 1190; x_wconf 89' lang='lat' dir='ltr'>si</span> <span class='ocrx_word' id='word_1_83' title='bbox 624 1148 657 1190; x_wconf 84' lang='lat' dir='ltr'>vel</span> <span class='ocrx_word' id='word_1_84' title='bbox 670 1147 759 1189; x_wconf 82' lang='lat' dir='ltr'>maxime</span> <span class='ocrx_word' id='word_1_85' title='bbox 771 1152 843 1188; x_wconf 89' lang='lat' dir='ltr'>auctor</span> 
     </span>
     <span class='ocr_line' id='line_1_13' title="bbox 189 1220 843 1280; baseline 0 -17"><span class='ocrx_word' id='word_1_86' title='bbox 189 1220 262 1264; x_wconf 89' lang='lat' dir='ltr'>rdtima</span> <span class='ocrx_word' id='word_1_87' title='bbox 274 1222 409 1279; x_wconf 84' lang='lat' dir='ltr'>Reipublicae</span> <span class='ocrx_word' id='word_1_88' title='bbox 418 1224 524 1267; x_wconf 85' lang='lat' dir='ltr'>Romanae</span> <span class='ocrx_word' id='word_1_89' title='bbox 534 1231 626 1280; x_wconf 84' lang='lat' dir='ltr'>tempora</span> <span class='ocrx_word' id='word_1_90' title='bbox 639 1223 754 1267; x_wconf 88' lang='lat' dir='ltr'>accuratius</span> <span class='ocrx_word' id='word_1_91' title='bbox 765 1235 843 1279; x_wconf 83' lang='lat' dir='ltr'>cogno-</span> 
     </span>
     <span class='ocr_line' id='line_1_14' title="bbox 189 1292 847 1356; baseline 0 -18"><span class='ocrx_word' id='word_1_92' title='bbox 189 1297 247 1348; x_wconf 79' lang='lat' dir='ltr'>verit,</span> <span class='ocrx_word' id='word_1_93' title='bbox 258 1292 353 1353; x_wconf 85' lang='lat' dir='ltr'>priorum</span> <span class='ocrx_word' id='word_1_94' title='bbox 364 1306 419 1341; x_wconf 88' lang='lat' dir='ltr'>certe</span> <span class='ocrx_word' id='word_1_95' title='bbox 429 1306 547 1356; x_wconf 86' lang='lat' dir='ltr'>temporum</span> <span class='ocrx_word' id='word_1_96' title='bbox 554 1299 636 1341; x_wconf 87' lang='lat' dir='ltr'>historia</span> <span class='ocrx_word' id='word_1_97' title='bbox 645 1299 664 1340; x_wconf 90' lang='lat' dir='ltr'>ei</span> <span class='ocrx_word' id='word_1_98' title='bbox 672 1296 847 1355; x_wconf 68' lang='lat' dir='ltr'>raldeinccgnita&#39;</span> 
     </span>
     <span class='ocr_line' id='line_1_15' title="bbox 187 1357 843 1429; baseline -0.002 -15"><span class='ocrx_word' id='word_1_99' title='bbox 187 1373 249 1415; x_wconf 88' lang='lat' dir='ltr'>fuisse</span> <span class='ocrx_word' id='word_1_100' title='bbox 260 1387 343 1415; x_wconf 88' lang='lat' dir='ltr'>necesse</span> <span class='ocrx_word' id='word_1_101' title='bbox 354 1357 389 1423; x_wconf 75' lang='lat' dir='ltr'>est,</span> <span class='ocrx_word' id='word_1_102' title='bbox 401 1373 570 1429; x_wconf 85' lang='lat' dir='ltr'>quandoquidem</span> <span class='ocrx_word' id='word_1_103' title='bbox 577 1375 649 1429; x_wconf 81' lang='lat' dir='ltr'>lingua</span> <span class='ocrx_word' id='word_1_104' title='bbox 658 1374 735 1424; x_wconf 81' lang='lat' dir='ltr'>Latina,</span> <span class='ocrx_word' id='word_1_105' title='bbox 744 1372 785 1428; x_wconf 75' lang='lat' dir='ltr'>qua</span> <span class='ocrx_word' id='word_1_106' title='bbox 792 1371 843 1414; x_wconf 89' lang='lat' dir='ltr'>liaee</span> 
     </span>
     <span class='ocr_line' id='line_1_16' title="bbox 187 1445 844 1504; baseline 0 -15"><span class='ocrx_word' id='word_1_107' title='bbox 187 1455 231 1490; x_wconf 85' lang='lat' dir='ltr'>erat</span> <span class='ocrx_word' id='word_1_108' title='bbox 246 1448 371 1502; x_wconf 85' lang='lat' dir='ltr'>conscripta;</span> <span class='ocrx_word' id='word_1_109' title='bbox 389 1446 495 1489; x_wconf 85' lang='lat' dir='ltr'>aJudacis</span> <span class='ocrx_word' id='word_1_110' title='bbox 509 1445 565 1488; x_wconf 87' lang='lat' dir='ltr'>haud</span> <span class='ocrx_word' id='word_1_111' title='bbox 576 1446 725 1490; x_wconf 82' lang='lat' dir='ltr'>addiscebatur.</span> <span class='ocrx_word' id='word_1_112' title='bbox 749 1447 844 1504; x_wconf 78' lang='lat' dir='ltr'>Neglciit</span> 
     </span>
     <span class='ocr_line' id='line_1_17' title="bbox 186 1521 843 1578; baseline -0.005 -12"><span class='ocrx_word' id='word_1_113' title='bbox 186 1523 236 1566; x_wconf 90' lang='lat' dir='ltr'>adeo</span> <span class='ocrx_word' id='word_1_114' title='bbox 251 1523 377 1566; x_wconf 82' lang='lat' dir='ltr'>laurencius</span> <span class='ocrx_word' id='word_1_115' title='bbox 393 1521 483 1563; x_wconf 82' lang='lat' dir='ltr'>Danielis</span> <span class='ocrx_word' id='word_1_116' title='bbox 497 1521 575 1563; x_wconf 90' lang='lat' dir='ltr'>librum</span> <span class='ocrx_word' id='word_1_117' title='bbox 591 1523 685 1564; x_wconf 79' lang='lat' dir='ltr'>conferre</span> <span class='ocrx_word' id='word_1_118' title='bbox 699 1521 725 1564; x_wconf 87' lang='lat' dir='ltr'>ad</span> <span class='ocrx_word' id='word_1_119' title='bbox 740 1522 843 1578; x_wconf 80' lang='lat' dir='ltr'>explican-</span> 
     </span>
     <span class='ocr_line' id='line_1_18' title="bbox 186 1590 843 1654; baseline -0.006 -13"><span class='ocrx_word' id='word_1_120' title='bbox 186 1599 234 1641; x_wconf 86' lang='lat' dir='ltr'>dam</span> <span class='ocrx_word' id='word_1_121' title='bbox 250 1598 350 1642; x_wconf 83' lang='lat' dir='ltr'>visionem</span> <span class='ocrx_word' id='word_1_122' title='bbox 365 1598 388 1639; x_wconf 90' lang='lat' dir='ltr'>in</span> <span class='ocrx_word' id='word_1_123' title='bbox 401 1604 472 1639; x_wconf 90' lang='lat' dir='ltr'>nostro</span> <span class='ocrx_word' id='word_1_124' title='bbox 488 1596 542 1638; x_wconf 92' lang='lat' dir='ltr'>libro</span> <span class='ocrx_word' id='word_1_125' title='bbox 556 1590 647 1649; x_wconf 86' lang='lat' dir='ltr'>obviam,</span> <span class='ocrx_word' id='word_1_126' title='bbox 664 1599 756 1654; x_wconf 80' lang='lat' dir='ltr'>quamuis</span> <span class='ocrx_word' id='word_1_127' title='bbox 772 1606 843 1640; x_wconf 88' lang='lat' dir='ltr'>auctor</span> 
     </span>
     <span class='ocr_line' id='line_1_19' title="bbox 187 1671 813 1733; baseline 0 -17"><span class='ocrx_word' id='word_1_128' title='bbox 187 1676 232 1731; x_wconf 88' lang='lat' dir='ltr'>ipse</span> <span class='ocrx_word' id='word_1_129' title='bbox 248 1673 277 1733; x_wconf 77' lang='lat' dir='ltr'>(C.</span> <span class='ocrx_word' id='word_1_130' title='bbox 292 1674 338 1716; x_wconf 82' lang='lat' dir='ltr'><strong>XII.</strong></span> <span class='ocrx_word' id='word_1_131' title='bbox 355 1676 382 1716; x_wconf 85' lang='grc'>16</span> <span class='ocrx_word' id='word_1_132' title='bbox 396 1674 422 1718; x_wconf 85' lang='lat' dir='ltr'>V.</span> <span class='ocrx_word' id='word_1_133' title='bbox 436 1671 505 1731; x_wconf 84' lang='lat' dir='ltr'>Aetb)</span> <span class='ocrx_word' id='word_1_134' title='bbox 520 1674 607 1715; x_wconf 86' lang='lat' dir='ltr'>lectores</span> <span class='ocrx_word' id='word_1_135' title='bbox 621 1673 647 1716; x_wconf 89' lang='lat' dir='ltr'>ad</span> <span class='ocrx_word' id='word_1_136' title='bbox 658 1673 718 1715; x_wconf 91' lang='lat' dir='ltr'>illurn</span> <span class='ocrx_word' id='word_1_137' title='bbox 731 1675 813 1717; x_wconf 80' lang='lat' dir='ltr'>referat.</span> 
     </span>
    </p>

    <p class='ocr_par' dir='ltr' id='par_1_3' title="bbox 185 1747 842 2494">
     <span class='ocr_line' id='line_1_20' title="bbox 215 1747 842 1807; baseline -0.005 -14"><span class='ocrx_word' id='word_1_138' title='bbox 215 1751 307 1793; x_wconf 77' lang='lat' dir='ltr'>Li‘rcliius</span> <span class='ocrx_word' id='word_1_139' title='bbox 321 1747 351 1807; x_wconf 80' lang='lat'>(2)</span> <span class='ocrx_word' id='word_1_140' title='bbox 374 1757 492 1792; x_wconf 86' lang='lat' dir='ltr'>accuratam</span> <span class='ocrx_word' id='word_1_141' title='bbox 511 1749 537 1792; x_wconf 89' lang='lat' dir='ltr'>de</span> <span class='ocrx_word' id='word_1_142' title='bbox 558 1757 642 1792; x_wconf 87' lang='lat' dir='ltr'>auctore</span> <span class='ocrx_word' id='word_1_143' title='bbox 662 1750 752 1792; x_wconf 87' lang='lat' dir='ltr'>instituit</span> <span class='ocrx_word' id='word_1_144' title='bbox 770 1750 842 1807; x_wconf 91' lang='lat' dir='ltr'>inqui-</span> 
     </span>
     <span class='ocr_line' id='line_1_21' title="bbox 187 1824 842 1886; baseline -0.003 -17"><span class='ocrx_word' id='word_1_145' title='bbox 187 1826 288 1869; x_wconf 82' lang='lat' dir='ltr'>sitioneru¹</span> <span class='ocrx_word' id='word_1_146' title='bbox 323 1827 388 1876; x_wconf 86' lang='lat' dir='ltr'>Loca,</span> <span class='ocrx_word' id='word_1_147' title='bbox 411 1840 465 1882; x_wconf 83' lang='lat' dir='ltr'>quae</span> <span class='ocrx_word' id='word_1_148' title='bbox 486 1832 556 1881; x_wconf 89' lang='lat' dir='ltr'>aperte</span> <span class='ocrx_word' id='word_1_149' title='bbox 576 1824 715 1886; x_wconf 81' lang='lat' dir='ltr'>Christianum</span> <span class='ocrx_word' id='word_1_150' title='bbox 737 1834 842 1869; x_wconf 89' lang='lat' dir='ltr'>auctorem</span> 
     </span>
     <span class='ocr_line' id='line_1_22' title="bbox 186 1901 841 1959; baseline 0.002 -15"><span class='ocrx_word' id='word_1_151' title='bbox 186 1902 289 1959; x_wconf 84' lang='lat' dir='ltr'>produnt,</span> <span class='ocrx_word' id='word_1_152' title='bbox 310 1909 334 1943; x_wconf 89' lang='lat' dir='ltr'>ut</span> <span class='ocrx_word' id='word_1_153' title='bbox 355 1901 424 1957; x_wconf 85' lang='lat' dir='ltr'>spuria</span> <span class='ocrx_word' id='word_1_154' title='bbox 441 1901 488 1957; x_wconf 88' lang='lat' dir='ltr'>jure</span> <span class='ocrx_word' id='word_1_155' title='bbox 507 1909 567 1957; x_wconf 88' lang='lat' dir='ltr'>putat</span> <span class='ocrx_word' id='word_1_156' title='bbox 582 1901 695 1958; x_wconf 68' lang='lat' dir='ltr'>ejicienda,</span> <span class='ocrx_word' id='word_1_157' title='bbox 717 1903 841 1945; x_wconf 88' lang='grc'><strong>10111011-</strong></span> 
     </span>
     <span class='ocr_line' id='line_1_23' title="bbox 186 1977 840 2036; baseline -0.002 -14"><span class='ocrx_word' id='word_1_158' title='bbox 186 1994 235 2022; x_wconf 85' lang='lat' dir='ltr'>men</span> <span class='ocrx_word' id='word_1_159' title='bbox 251 1978 364 2021; x_wconf 83' lang='lat' dir='ltr'>observarit</span> <span class='ocrx_word' id='word_1_160' title='bbox 379 1978 418 2020; x_wconf 85' lang='lat' dir='ltr'>alia</span> <span class='ocrx_word' id='word_1_161' title='bbox 434 1977 605 2036; x_wconf 74' lang='grc' dir='ltr'><em>χριστιανίζοντα,</em></span> <span class='ocrx_word' id='word_1_162' title='bbox 620 1992 673 2034; x_wconf 82' lang='lat' dir='ltr'>quae</span> <span class='ocrx_word' id='word_1_163' title='bbox 691 1986 763 2029; x_wconf 83' lang='lat' dir='ltr'>vocat,</span> <span class='ocrx_word' id='word_1_164' title='bbox 783 1978 840 2030; x_wconf 81' lang='lat' dir='ltr'>loca,</span> 
     </span>
     <span class='ocr_line' id='line_1_24' title="bbox 187 2052 840 2112; baseline -0.005 -14"><span class='ocrx_word' id='word_1_165' title='bbox 187 2071 198 2098; x_wconf 88' lang='lat' dir='ltr'>e</span> <span class='ocrx_word' id='word_1_166' title='bbox 209 2055 283 2112; x_wconf 88' lang='lat' dir='ltr'>quibus</span> <span class='ocrx_word' id='word_1_167' title='bbox 293 2053 409 2105; x_wconf 85' lang='lat' dir='ltr'>concludit,</span> <span class='ocrx_word' id='word_1_168' title='bbox 424 2060 530 2096; x_wconf 86' lang='lat' dir='ltr'>auctorem</span> <span class='ocrx_word' id='word_1_169' title='bbox 537 2052 638 2096; x_wconf 88' lang='lat' dir='ltr'>Judaeum</span> <span class='ocrx_word' id='word_1_170' title='bbox 645 2054 779 2097; x_wconf 85' lang='lat' dir='ltr'>Hellenistam</span> <span class='ocrx_word' id='word_1_171' title='bbox 789 2055 840 2096; x_wconf 84' lang='lat' dir='ltr'>fuis-</span> 
     </span>
     <span class='ocr_line' id='line_1_25' title="bbox 187 2129 840 2189; baseline -0.005 -14"><span class='ocrx_word' id='word_1_172' title='bbox 187 2148 219 2184; x_wconf 84' lang='lat' dir='ltr'>se,</span> <span class='ocrx_word' id='word_1_173' title='bbox 243 2134 301 2175; x_wconf 89' lang='lat' dir='ltr'>cuius</span> <span class='ocrx_word' id='word_1_174' title='bbox 322 2132 348 2174; x_wconf 93' lang='lat' dir='ltr'>de</span> <span class='ocrx_word' id='word_1_175' title='bbox 361 2131 431 2174; x_wconf 77' lang='grc'><strong>11111111</strong></span> <span class='ocrx_word' id='word_1_176' title='bbox 447 2131 527 2188; x_wconf 84' lang='lat' dir='ltr'>opinio,</span> <span class='ocrx_word' id='word_1_177' title='bbox 543 2131 663 2188; x_wconf 89' lang='lat' dir='ltr'>praesertim</span> <span class='ocrx_word' id='word_1_178' title='bbox 673 2129 734 2189; x_wconf 53' lang='lat' dir='ltr'>&#39;quae</span> <span class='ocrx_word' id='word_1_179' title='bbox 751 2130 840 2174; x_wconf 87' lang='lat' dir='ltr'>babetur</span> 
     </span>
     <span class='ocr_line' id='line_1_26' title="bbox 187 2206 839 2265; baseline -0.005 -13"><span class='ocrx_word' id='word_1_180' title='bbox 187 2209 208 2252; x_wconf 82' lang='lat' dir='ltr'>C.</span> <span class='ocrx_word' id='word_1_181' title='bbox 218 2209 282 2262; x_wconf 70' lang='lat' dir='ltr'>XHI,</span> <span class='ocrx_word' id='word_1_182' title='bbox 293 2224 305 2251; x_wconf 89' lang='grc'>1</span> <span class='ocrx_word' id='word_1_183' title='bbox 319 2206 432 2251; x_wconf 65' lang='lat' dir='ltr'>Christiania</span> <span class='ocrx_word' id='word_1_184' title='bbox 447 2207 545 2265; x_wconf 80' lang='lat' dir='ltr'>religione</span> <span class='ocrx_word' id='word_1_185' title='bbox 558 2221 601 2250; x_wconf 88' lang='lat' dir='ltr'>non</span> <span class='ocrx_word' id='word_1_186' title='bbox 612 2206 673 2263; x_wconf 83' lang='lat' dir='ltr'>plane</span> <span class='ocrx_word' id='word_1_187' title='bbox 681 2207 760 2250; x_wconf 82' lang='lat' dir='ltr'>diversa</span> <span class='ocrx_word' id='word_1_188' title='bbox 769 2208 839 2250; x_wconf 49' lang='lat' dir='ltr'>fuerit,</span> 
     </span>
     <span class='ocr_line' id='line_1_27' title="bbox 186 2283 840 2346; baseline -0.006 -18"><span class='ocrx_word' id='word_1_189' title='bbox 186 2284 285 2329; x_wconf 77' lang='lat' dir='ltr'>Convenit</span> <span class='ocrx_word' id='word_1_190' title='bbox 298 2285 363 2343; x_wconf 82' lang='lat' dir='ltr'>igitur</span> <span class='ocrx_word' id='word_1_191' title='bbox 378 2283 469 2327; x_wconf 76' lang='lat' dir='ltr'>Lr&#39;iclrius</span> <span class='ocrx_word' id='word_1_192' title='bbox 485 2299 534 2346; x_wconf 88' lang='lat' dir='ltr'>cum</span> <span class='ocrx_word' id='word_1_193' title='bbox 548 2283 670 2326; x_wconf 83' lang='lat' dir='ltr'>laurencio:</span> <span class='ocrx_word' id='word_1_194' title='bbox 684 2291 773 2341; x_wconf 89' lang='lat' dir='ltr'>uterque</span> <span class='ocrx_word' id='word_1_195' title='bbox 784 2284 840 2326; x_wconf 91' lang='lat' dir='ltr'>enim</span> 
     </span>
     <span class='ocr_line' id='line_1_28' title="bbox 185 2357 838 2405; baseline -0.005 -1"><span class='ocrx_word' id='word_1_196' title='bbox 185 2368 291 2404; x_wconf 87' lang='lat' dir='ltr'>auctorem</span> <span class='ocrx_word' id='word_1_197' title='bbox 298 2360 400 2403; x_wconf 84' lang='lat' dir='ltr'>Judaeum</span> <span class='ocrx_word' id='word_1_198' title='bbox 407 2359 463 2403; x_wconf 90' lang='lat' dir='ltr'>dicit.</span> <span class='ocrx_word' id='word_1_199' title='bbox 477 2361 556 2405; x_wconf 85' lang='lat' dir='ltr'>Verum</span> <span class='ocrx_word' id='word_1_200' title='bbox 565 2359 587 2400; x_wconf 92' lang='lat' dir='ltr'>in</span> <span class='ocrx_word' id='word_1_201' title='bbox 595 2357 710 2402; x_wconf 75' lang='lat' dir='ltr'>definienda</span> <span class='ocrx_word' id='word_1_202' title='bbox 716 2366 782 2402; x_wconf 86' lang='lat' dir='ltr'>aetate</span> <span class='ocrx_word' id='word_1_203' title='bbox 790 2358 838 2401; x_wconf 92' lang='lat' dir='ltr'>libri</span> 
     </span>
     <span class='ocr_line' id='line_1_29' title="bbox 185 2434 837 2494; baseline -0.009 -13"><span class='ocrx_word' id='word_1_204' title='bbox 185 2437 244 2481; x_wconf 77' lang='lat' dir='ltr'>valde</span> <span class='ocrx_word' id='word_1_205' title='bbox 257 2438 283 2481; x_wconf 92' lang='lat' dir='ltr'>ab</span> <span class='ocrx_word' id='word_1_206' title='bbox 298 2452 322 2480; x_wconf 89' lang='lat' dir='ltr'>eo</span> <span class='ocrx_word' id='word_1_207' title='bbox 336 2437 443 2494; x_wconf 88' lang='lat' dir='ltr'>discrepat.</span> <span class='ocrx_word' id='word_1_208' title='bbox 466 2434 586 2487; x_wconf 74' lang='lat' dir='ltr'>Contendit,</span> <span class='ocrx_word' id='word_1_209' title='bbox 602 2447 706 2479; x_wconf 84' lang='lat' dir='ltr'>auctorem</span> <span class='ocrx_word' id='word_1_210' title='bbox 720 2441 837 2477; x_wconf 88' lang='lat' dir='ltr'>narrantem</span> 
     </span>
    </p>
   </div>
   <div class='ocr_carea' id='block_1_3' title="bbox 184 2628 837 2803">
    <p class='ocr_par' dir='ltr' id='par_1_4' title="bbox 184 2628 837 2803">
     <span class='ocr_line' id='line_1_30' title="bbox 208 2628 837 2677; baseline -0.01 -13"><span class='ocrx_word' id='word_1_211' title='bbox 208 2629 232 2677; x_wconf 78' lang='lat'>(1)</span> <span class='ocrx_word' id='word_1_212' title='bbox 243 2633 327 2674; x_wconf 73' lang='lat' dir='ltr'>Trlbirrger·</span> <span class='ocrx_word' id='word_1_213' title='bbox 333 2630 438 2674; x_wconf 76' lang='lat' dir='ltr'>Zeitsolrra&#39;ft</span> <span class='ocrx_word' id='word_1_214' title='bbox 445 2630 475 2674; x_wconf 72' lang='lat' dir='ltr'>fiir·</span> <span class='ocrx_word' id='word_1_215' title='bbox 481 2632 574 2674; x_wconf 74' lang='lat' dir='ltr'>leeoloyz&#39;e.</span> <span class='ocrx_word' id='word_1_216' title='bbox 582 2632 633 2663; x_wconf 83' lang='lat'>1837.</span> <span class='ocrx_word' id='word_1_217' title='bbox 640 2630 712 2661; x_wconf 63' lang='grc'><strong>41511011.</strong></span> <span class='ocrx_word' id='word_1_218' title='bbox 718 2641 735 2673; x_wconf 85' lang='lat' dir='ltr'>p.</span> <span class='ocrx_word' id='word_1_219' title='bbox 740 2628 837 2660; x_wconf 77' lang='lat' dir='ltr'>loc-109.</span> 
     </span>
     <span class='ocr_line' id='line_1_31' title="bbox 207 2690 836 2739; baseline -0.008 -13"><span class='ocrx_word' id='word_1_220' title='bbox 207 2694 231 2739; x_wconf 76' lang='lat'>(2)</span> <span class='ocrx_word' id='word_1_221' title='bbox 247 2695 318 2727; x_wconf 80' lang='lat' dir='ltr'>Vcrsuelr</span> <span class='ocrx_word' id='word_1_222' title='bbox 333 2695 379 2727; x_wconf 79' lang='lat' dir='ltr'>einer</span> <span class='ocrx_word' id='word_1_223' title='bbox 393 2696 517 2738; x_wconf 78' lang='lat' dir='ltr'>vollstr&#39;todr&#39;gen</span> <span class='ocrx_word' id='word_1_224' title='bbox 534 2694 635 2736; x_wconf 75' lang='lat' dir='ltr'>Eirrleituup</span> <span class='ocrx_word' id='word_1_225' title='bbox 651 2692 670 2723; x_wconf 77' lang='lat' dir='ltr'>io</span> <span class='ocrx_word' id='word_1_226' title='bbox 685 2692 711 2724; x_wconf 81' lang='lat' dir='ltr'>die</span> <span class='ocrx_word' id='word_1_227' title='bbox 723 2690 836 2736; x_wconf 77' lang='lat' dir='ltr'>Offerrdorung</span> 
     </span>
     <span class='ocr_line' id='line_1_32' title="bbox 184 2756 551 2803; baseline -0.011 -11"><span class='ocrx_word' id='word_1_228' title='bbox 184 2759 272 2792; x_wconf 62' lang='lat' dir='ltr'>totototo.</span> <span class='ocrx_word' id='word_1_229' title='bbox 281 2758 330 2790; x_wconf 76' lang='lat' dir='ltr'>rann.</span> <span class='ocrx_word' id='word_1_230' title='bbox 343 2757 397 2802; x_wconf 77' lang='lat'>1832,</span> <span class='ocrx_word' id='word_1_231' title='bbox 406 2768 422 2801; x_wconf 85' lang='lat' dir='ltr'>p.</span> <span class='ocrx_word' id='word_1_232' title='bbox 438 2756 533 2792; x_wconf 74' lang='lat'>102-115.</span> <span class='ocrx_word' id='word_1_233' title='bbox 550 2800 551 2803; x_wconf 11' lang='grc' dir='ltr'><strong>Ἴ</strong></span> 
     </span>
    </p>
   </div>
   <div class='ocr_carea' id='block_1_4' title="bbox 0 0 884 3351">
    <p class='ocr_par' dir='ltr' id='par_1_5' title="bbox 0 0 884 3351">
     <span class='ocr_line' id='line_1_33' title="bbox 0 0 884 3351; baseline 0 1"><span class='ocrx_word' id='word_1_234' title='bbox 0 0 884 3351; x_wconf 95' lang='lat' dir='ltr'> </span> 
     </span>
    </p>
   </div>
  </div>
 </body>
</html>
