1758 3351
514 239 555 280 160

203 367 322 422 regnahmrt
334 363 413 419 justitia
427 369 446 403 et
459 362 543 412 veritas,
555 361 644 417 ideoque
656 363 796 405 intercessioni
810 365 857 406 nul-

202 443 234 483 lus
247 440 277 482 ibi
289 440 373 483 dabitur
390 439 455 481 locus.
474 437 510 479 His
523 436 596 480 auditis
606 437 857 493 Ezraexclamat3melins

200 518 283 571 fuisset,
299 518 316 561 si
329 516 395 560 Adam
410 503 453 558 11011
470 515 541 557 fnisset
554 521 625 566 natus,
643 530 707 573 quam
723 530 772 559 eum
784 524 858 560 natum

202 610 246 637 esse
259 603 280 638 et
290 608 396 651 peccasse,
409 605 522 648 omnesque
532 589 625 633 homines
635 591 658 632 111
668 599 754 647 peccata
763 593 856 646 traxisse,

202 687 245 730 quo
262 673 351 721 factum,
371 676 394 711 ut
414 683 485 711 omnes
503 666 584 726 indigni
603 667 643 709 sint
662 667 733 710 futura
751 668 855 713 felicitate,

194 738 294 805 'Angelus
306 744 425 802 respondet:
442 743 520 788 haecce
531 751 567 789 tua
581 744 679 801 cogitatio
693 745 787 788 omnihus
800 760 857 787 scru-

200 824 276 881 pulum
293 830 374 874 moret,
393 821 542 879 cogitantibus,
559 822 576 864 si
592 820 626 864 vel
641 822 728 865 maxime
742 823 858 880 praeceptis

200 900 273 943 divinis
288 898 417 942 observandis
430 912 513 953 operam
523 896 629 950 dederint,
640 906 726 953 peccata
734 906 805 942 tamen
814 905 857 942 tam

200 991 243 1019 esse
254 974 337 1032 gravia,
352 981 375 1017 ut
389 972 542 1016 condemnandi
555 972 596 1015 sint
609 973 726 1016 certissime.
747 975 788 1017 Sed
804 989 857 1031 quae

200 1067 239 1111 ego
252 1051 304 1103 11111,
317 1051 386 1109 pergit
396 1049 459 1101 idem,
471 1048 542 1092 eadem
552 1056 607 1101 suut,
616 1049 721 1106 quaejam
732 1050 783 1092 olim
792 1051 856 1093 Moses

199 1137 220 1171 et
233 1126 348 1184 Prophetae
362 1125 469 1177 dixerunt,
482 1124 517 1168 sed
529 1140 598 1183 neque
610 1124 641 1167 his
654 1140 723 1182 neque
733 1126 785 1168 mihi
793 1126 857 1169 fidem

197 1204 323 1248 hahuerunt.
348 1201 429 1244 Idcirco
448 1201 514 1257 major
526 1201 603 1244 laetitia
619 1201 657 1243 erit
671 1202 694 1242 in
708 1202 766 1244 coelo
779 1201 805 1244 de
818 1203 854 1253 iis,

198 1281 236 1339 qui
249 1281 272 1323 in
284 1277 415 1322 observandis
429 1277 544 1334 praeceptis
554 1277 627 1319 divinis
639 1285 754 1321 constantes
763 1279 855 1330 luerunt,

199 1372 263 1415 quam
281 1353 340 1399 dolor
358 1341 439 1404 111111,
453 1353 490 1410 qui
502 1353 607 1409 peribunt.
639 1353 708 1396 Hocce
721 1355 797 1412 Angeli
810 1370 856 1397 ser-

197 1448 260 1476 mone
278 1437 393 1475 commotus
406 1429 458 1471 11111
471 1428 510 1470 Dei
525 1428 698 1479 misericordiam,
715 1429 854 1483 clementiam,

197 1507 376 1566 longanimitatem
394 1512 414 1547 et
429 1503 595 1547 munificentiam
607 1505 702 1563 pluribus
717 1506 786 1561 effert,
803 1522 855 1550 con-

198 1585 284 1636 cedens,
303 1583 320 1624 si
337 1582 392 1624 111111
409 1576 489 1623 mundo
505 1579 665 1638 hominibusque
683 1596 726 1623 non
742 1587 854 1638 praeisset,

195 1662 241 1718 jam
255 1659 336 1702 dudum
352 1658 450 1715 exiguum
464 1657 520 1699 illud
533 1657 622 1709 bonum,
633 1658 690 1715 quod
706 1659 821 1702 etiamnum
832 1661 855 1701 in

198 1737 278 1782 mundo
292 1732 408 1785 invenitur,
424 1723 605 1790 exstirpatumiri.
631 1735 701 1792 Pergit
713 1750 775 1792 porro
784 1737 855 1795 Ange-

199 1818 233 1859 lus
254 1813 335 1864 dieens,
354 1810 437 1853 huncce
453 1809 557 1852 mundum
576 1810 644 1854 allec
660 1818 753 1854 creatum
766 1827 819 1865 esse,
832 1821 856 1856 ut

199 1908 212 1935 a
224 1890 306 1940 multis,
330 1886 365 1929 sed
380 1887 475 1929 futurum
490 1886 604 1938 mundum,
623 1895 647 1929 ut
661 1902 674 1930 a
688 1888 759 1943 paucis
774 1896 855 1933 tantum

198 1966 331 2010 incoleretur.
355 1962 442 2017 Quaerit
456 1964 518 2011 Eira,
535 1977 598 2020 qnare
611 1962 676 2014 Deus,
689 1963 726 2020 qui
739 1965 797 2008 tantd
805 1966 856 2009 cord

200 2059 272 2087 omnes
280 2039 425 2098 complectitur
431 2039 533 2092 homines,
543 2056 577 2083 eos
585 2041 694 2092 creaverit,
701 2056 752 2098 quos
758 2041 856 2100 deinceps

199 2120 294 2164 interitui
308 2118 421 2161 traditurus
438 2117 473 2170 sit3
494 2118 557 2159 simul
572 2131 620 2159 vero
636 2132 707 2173 preces
720 2118 795 2171 fundit,
809 2122 856 2177 qui-

201 2200 239 2241 bus
259 2198 298 2239 Dei
315 2194 479 2236 misericordiam
499 2209 549 2251 erga
566 2194 675 2251 populares
691 2210 736 2237 suos
751 2197 856 2252 implorat.

201 2274 293 2333 Angelus
299 2272 418 2330 respondet:
428 2273 461 2314 uti
467 2286 510 2314 11011
520 2272 589 2314 omnia
598 2272 687 2324 semina,
696 2273 722 2315 ah
730 2274 820 2331 agricolel
826 2262 857 2317 se-

200 2353 284 2403 minata,
292 2382 294 2386 -
301 2349 441 2401 efflorescunt,
456 2350 486 2391 sic
502 2363 544 2391 nou
558 2348 630 2400 omnis,
637 2350 741 2407 quinatus
750 2352 808 2392 estin
816 2350 856 2394 hoc

201 2428 292 2480 mundo,
308 2427 374 2470 salvus
384 2426 414 2469 fit.
445 2426 604 2483 Reponithra,
615 2425 670 2470 hanc
682 2428 857 2484 comparationem

202 2521 245 2550 non
259 2506 314 2549 hene
327 2503 451 2562 precedere,
468 2517 517 2545 nam
531 2501 637 2548 hominem
651 2504 678 2547 ad
692 2504 730 2546 Dei
743 2504 856 2563 imaginem

203 2589 298 2628 creatum
313 2596 366 2634 esse,
386 2580 465 2623 idcirco
482 2581 596 2637 comparari
611 2578 668 2624 haud
682 2594 741 2637 posse
755 2597 804 2624 cum
819 2598 856 2625 se-

201 2661 259 2704 rnine
273 2659 364 2717 plantae.
391 2657 507 2716 Imaginem
522 2658 576 2701 hene
591 2672 634 2700 sose
648 2657 734 2711 hahere,
752 2659 857 2702 contendit

147 2742 149 2745 ⁴
202 2737 305 2795 Angelus,
322 2735 372 2792 quia
385 2734 417 2786 id,
439 2735 495 2791 quod
509 2735 531 2777 in
547 2735 587 2779 hoc
601 2735 680 2779 mundo
696 2743 737 2787 est,
754 2735 856 2779 similitum
