1758 3351
478 258 519 305 164

171 382 193 425 id
206 388 350 440 regnaverant,
365 381 400 423 sed
415 381 481 438 periit.
503 381 567 437 Caput
577 388 658 433 autem,
670 384 725 441 quod
735 383 760 427 ad
770 383 823 428 tierr-

170 465 224 500 tram
240 465 320 513 partem
338 465 392 509 erat,
406 457 509 500 devoravit
522 464 594 513 caput,
607 457 664 515 quod
679 458 705 501 erl
721 460 823 504 sinistram

172 542 221 585 erat,
228 534 257 577 ita
266 534 352 577 utillud
363 535 428 577 solum
439 540 522 576 restaret
530 548 578 576 oum
586 536 598 575 2
607 535 714 589 pennulis,
722 549 775 592 qnae
782 537 822 579 sub

171 611 213 654 eius
219 611 321 668 praesidio
327 618 492 667 seseposuerant.
505 610 821 663 JamvernEzravidetLeonem,

171 703 182 729 e
194 686 274 746 deserto
288 694 416 744 surgentem,
426 699 476 729 voce
489 685 579 729 humani
593 686 719 744 rugientem,
733 686 823 743 Aquilae

168 771 253 820 peecata
265 778 301 807 sua
308 763 465 820 exprobrantem
474 764 534 821 eique
540 763 647 806 interitum
654 762 729 805 instare
740 777 820 806 annun-

169 839 265 881 ciantem.
279 839 358 892 Quibus
371 838 498 894 dietisperiit
513 839 610 881 ultimum
623 839 676 881 illut
690 845 760 895 caput.
780 839 820 881 Seri

169 928 226 956 nune
235 914 303 956 2illae
314 913 417 969 pennulae
423 914 534 977 imperium
541 914 579 955 sibi
585 913 724 967 vindicarunt3
732 928 819 972 reguum

168 996 238 1030 autem
254 1003 325 1031 earum
339 996 382 1031 erat
397 988 489 1031 tumultu
495 988 593 1045 plenum,
602 996 622 1030 et
628 988 712 1031 taudem
718 990 775 1045 ipsae
782 1004 819 1044 pe·

167 1062 253 1105 rieruut.
276 1063 360 1106 Sic'tota
366 1063 427 1119 periit
434 1064 516 1119 Aquila,
524 1086 554 1094 —-
560 1063 629 1105 Hoeoe
637 1063 741 1106 somnium
749 1064 778 1106 ita
785 1078 819 1105 ex-

165 1138 229 1194 plieat
240 1137 342 1195 Angelus:
356 1138 433 1195 Aquila
441 1138 542 1197 signifieat
552 1146 649 1201 quartum
655 1153 754 1196 reguum,
763 1139 819 1196 quod

166 1221 270 1257 ostensum
277 1215 317 1257 fuit
323 1214 410 1267 Danieli3
417 1214 511 1272 illudque
517 1216 583 1272 magis
590 1214 705 1258 timendum
712 1223 748 1267 est,
756 1218 819 1272 quam

167 1290 236 1333 omnia
249 1306 323 1348 regna,
338 1305 392 1347 quae
405 1297 451 1332 ante
463 1289 486 1332 id
499 1290 589 1343 fuerant;
608 1293 634 1333 12
648 1306 728 1347 pennae
742 1291 819 1347 signifi-

166 1374 213 1408 eant
229 1368 256 1408 12
271 1381 339 1423 reges,
353 1378 442 1421 quorum
455 1366 557 1407 secundus
570 1366 646 1407 diutius
656 1366 750 1422 regnabit
756 1380 818 1422 quam

166 1441 251 1484 caeteri:
269 1447 289 1481 et
302 1454 351 1491 vor,
367 1453 419 1495 quae
435 1454 446 1481 e
460 1439 528 1482 medio
542 1454 627 1495 corpore
646 1439 732 1495 prodiit,
754 1441 818 1498 signi-

164 1516 212 1570 fieat
224 1516 300 1558 multas
319 1515 470 1577 contentiones,
493 1529 547 1571 quae
566 1516 589 1557 in
607 1515 644 1556 illo
665 1529 732 1572 regno,
748 1515 817 1558 locum

164 1591 281 1643 habebunt3
297 1594 310 1635 8
324 1590 428 1646 pennulae
450 1598 498 1631 sinit
517 1593 530 1633 8
547 1604 616 1647 reges,
638 1604 727 1646 quorum
747 1598 816 1634 tamen
852 1624 854 1627 Α

164 1682 254 1724 regnum
268 1666 306 1708 erit
318 1665 490 1718 infelicissimum
513 1669 526 1707 2
546 1665 586 1708 cito
605 1665 715 1722 peribunt,
736 1669 749 1709 4
769 1682 817 1710 vero

163 1743 258 1800 longiore
283 1742 336 1784 vitae
356 1742 419 1798 spatio
439 1749 534 1793 utentur,
555 1744 568 1783 2
587 1750 656 1785 autem
677 1742 768 1800 reliquae
786 1742 818 1785 his

162 1817 391 1869 diutiusservabuntur3
405 1816 509 1860 3‚tamlem
522 1817 588 1873 capita
601 1824 648 1859 sunt
656 1824 696 1860 tres
703 1832 772 1876 reges,
780 1822 816 1876 qui

162 1902 238 1936 terram
246 1892 305 1935 valde
317 1891 420 1935 vexabunt
432 1900 494 1948 atque
507 1892 577 1949 plures
585 1907 616 1934 res
623 1907 685 1936 novas
692 1893 815 1951 molientur,

162 1983 227 2028 quam
239 1967 264 2020 ii,
278 1968 374 2025 quiante
387 1982 420 2010 eos
433 1967 530 2019 fuerunt,
545 1966 634 2024 ideoque
647 1969 715 2025 eapite
726 1969 817 2027 Aquilae

163 2045 213 2087 dieti
224 2051 277 2097 sunt,
285 2050 348 2100 eaput
359 2042 451 2086 medium
462 2043 530 2099 majus
536 2051 662 2100 representat
671 2043 747 2088 horum
753 2045 815 2089 trium

163 2134 237 2177 regum
254 2120 377 2170 maximum,
395 2119 432 2176 qui
450 2119 473 2160 in
491 2119 545 2162 lecto
565 2119 648 2177 quidem
667 2134 704 2162 suo
721 2120 756 2165 sed
773 2137 816 2164 non

162 2197 206 2239 sine
222 2196 327 2239 tormentis
344 2197 454 2248 morietur,
469 2195 510 2238 duo
522 2211 571 2239 nero
586 2212 644 2255 reges
658 2197 733 2255 reliqui
747 2197 815 2256 gladio

161 2272 270 2332 peribunt,
285 2276 298 2315 2
310 2273 400 2329 denique
411 2272 532 2316 ultimarum
547 2274 694 2329 pennularum,
707 2273 729 2316 id
741 2281 771 2316 est
783 2289 815 2316 re-

163 2365 227 2409 gum,
241 2364 329 2407 regnum
341 2349 433 2392 tumultu
444 2348 531 2406 plenum
545 2349 593 2401 erit,
604 2348 655 2401 Leo,
667 2348 704 2406 qui
714 2365 725 2391 e
735 2348 814 2392 deserto

161 2426 248 2484 prodiit,
264 2433 294 2467 est
307 2424 354 2478 ille,
370 2439 433 2481 quem
446 2425 501 2467 Deus
516 2423 542 2467 ad
555 2424 628 2467 ultima
643 2432 736 2482 tempora
751 2439 814 2467 reser-

160 2502 226 2555 vavit,
241 2504 341 2552 esemine
356 2501 450 2546 Davidis:
466 2499 501 2543 hio
513 2509 597 2557 peccata
608 2499 726 2544 hominibus
743 2516 814 2558 eupro-

161 2584 241 2635 bmbit,
259 2591 288 2636 et,
304 2590 414 2640 postquam
425 2596 458 2623 eos
477 2580 578 2639 arguerit,
594 2580 667 2637 perdet
681 2594 714 2622 eos
719 2597 724 2634 3
739 2580 813 2637 probos

161 2681 209 2709 rero
226 2663 319 2707 homiues
338 2663 364 2705 ab
381 2661 480 2719 improbis
497 2661 604 2713 liberabit,
624 2661 714 2718 illosque
734 2660 812 2704 laetitio

160 2748 246 2798 afficiet,
263 2744 328 2788 donec
343 2744 422 2787 venerit
435 2742 503 2785 ultimi
515 2742 588 2797 judieii
603 2741 652 2785 dies.
683 2741 738 2785 Haeo
751 2755 809 2789 vero,
