1758 3351
470 296 497 336 54

185 419 220 463 Vs.
237 418 380 459 mereator
400 416 436 459 in
454 416 511 462 Vers.
527 406 622 474 utrique
636 417 715 461 Orient.
733 416 806 459 meiius

154 494 231 551 legitur
237 491 361 548 juditium:
373 507 442 535 sensus
459 492 514 534 enim
526 497 564 533 est:
579 492 694 536 seeundum
707 507 739 544 ea,
754 507 806 549 quae

153 568 203 612 feeit
215 568 300 626 aliquis,
313 569 418 625 judicium
432 568 458 621 de
468 583 492 610 eo
506 567 551 611 erit.
581 568 663 612 Latinus
677 583 726 626 ergo
738 568 807 627 inter-

151 660 199 702 pres
213 660 252 702 pro
270 646 332 704 κρίσις
348 646 370 687 in
388 644 462 688 Codice
475 659 511 687 suo
524 644 577 687 mele
591 643 642 701 legit
654 645 720 695 κτίσις.
733 669 761 677 -
774 643 805 685 Ib.

152 722 229 780 petalis
246 721 362 780 agricole,
378 721 433 763 telis
450 721 545 764 culture.
570 719 701 766 Vocabulum
719 721 807 763 ertum-a

152 797 249 839 vitiosum
268 812 310 839 esse
328 794 379 838 mihi
398 795 491 847 videtur,
511 796 559 853 quia
579 796 601 838 in
616 796 652 838 tts.
665 795 770 853 Sergerm.
787 802 807 837 et

152 872 241 930 utrique
256 872 314 916 Vers.
333 872 413 914 Orient.
431 872 487 914 aliud
510 863 561 928 quid
576 871 663 929 legitur,
679 878 699 913 et
713 878 806 915 contexta

153 947 217 990 oratio
227 946 324 1003 postulet,
338 952 363 987 ut
372 958 439 987 sermo
450 946 527 987 sitnon
540 946 566 987 de
579 948 678 998 cultura,
694 946 729 990 sed
738 947 806 1004 potius

100 1043 103 1046 ·
152 1023 179 1066 de
183 1023 304 1082 fluetibus,
315 1036 326 1063 e
337 1021 418 1065 cultum
425 1020 600 1077 provenientibus.
609 1021 730 1066 Versionem
742 1024 806 1080 igitur

151 1098 295 1154 Aethiopicum
308 1094 463 1154 praeferendam
477 1111 519 1139 esse
534 1110 619 1148 censeo,
637 1097 659 1138 in
673 1097 713 1154 qui
726 1097 755 1140 sie
770 1098 807 1140 le-

153 1175 219 1232 gitur:
232 1179 254 1215 et
268 1173 383 1215 seeundum
393 1174 502 1215 rationem
512 1174 627 1230 agricolae
641 1179 674 1215 est
684 1188 739 1216 area
750 1175 805 1225 eius,

151 1251 171 1302 i„
188 1265 206 1292 e.
226 1263 264 1305 pro
285 1254 407 1305 paupertate
425 1249 458 1290 vet
478 1248 553 1291 diuitiis
567 1248 682 1306 agricolae,
701 1264 748 1294 area
763 1251 805 1292 eius

151 1324 185 1368 vel
204 1325 307 1367 minorem
326 1324 359 1381 vel
378 1323 479 1379 majorem
498 1324 598 1367 frumenti
612 1325 691 1382 eopium
706 1325 805 1369 eontinet.

151 1402 208 1444 Haeo
221 1400 283 1443 lectio
297 1399 431 1443 confirmetur
446 1400 507 1442 etium
519 1401 555 1442 tus.
563 1401 706 1458 Smrgerm.‚in
714 1416 756 1458 quo
767 1416 805 1458 pm

152 1478 206 1520 talis
221 1477 309 1518 cultura
323 1475 401 1533 legitur
417 1476 472 1526 telis
487 1481 509 1517 et
522 1478 597 1527 atita,
615 1476 671 1533 quod
687 1476 730 1518 sine
742 1476 805 1520 dubio

151 1551 275 1596 mutandum
289 1558 319 1593 est
330 1551 353 1593 in
364 1551 419 1593 talis
434 1556 456 1593 et
470 1565 532 1593 aree.
544 1550 603 1593 Idem
613 1552 737 1595 vocabulum
749 1568 805 1596 areo

150 1629 213 1672 etiam
231 1627 254 1670 in
266 1627 325 1672 Vers.
338 1613 401 1670 mah.
415 1625 513 1681 hebetum
532 1626 555 1669 in
570 1626 609 1671 hae
623 1635 692 1671 tamen
705 1630 804 1674 sententia

149 1705 212 1762 paulo
227 1703 286 1746 aliter
298 1703 381 1759 legitur.

180 1781 215 1825 Vs.
232 1782 266 1822 182
283 1777 317 1821 Et
331 1792 387 1820 etune
400 1803 431 1809 -
443 1779 482 1819 ez's.
513 1780 588 1820 Textus
600 1777 643 1820 siue
657 1778 719 1822 dubio
732 1779 804 1836 depra-

150 1863 208 1899 vatus
221 1863 257 1899 est.
286 1854 312 1895 In
331 1853 390 1899 Vere.
410 1852 471 1897 Aeth.
486 1861 541 1897 reete
558 1853 634 1910 legitur
647 1870 707 1913 quem
720 1857 804 1914 (nempe

149 1928 260 1988 muudum)
280 1945 336 1972 netem
352 1932 501 1988 praeparavi.
531 1929 611 1972 ideireo
628 1930 740 1988 legendum
752 1932 818 1975 mihi'

149 2009 230 2052 videtur
249 2011 270 2049 et
288 2020 344 2049 etune
362 1991 411 2048 eum
431 2006 453 2064 (l.
474 2006 513 2061 id,
535 2021 610 2062 nempe
630 2009 752 2058 saeculum
768 2008 804 2052 sed

148 2085 171 2128 in
187 2086 223 2128 Gr.
243 2082 291 2127 Cori.
309 2082 417 2141 legebatur
432 2085 516 2135 τοῦτον,
531 2083 580 2140 quia
593 2091 730 2140 praecesserat
744 2084 801 2142 αἰων)

143 2162 186 2219 fui
196 2174 298 2219 parans,
313 2173 364 2201 roee
376 2160 408 2200 eis
423 2158 501 2209 deleti,
520 2159 598 2216 quippe
611 2159 701 2203 variante
713 2161 803 2203 lectione

148 2251 187 2294 pro
206 2234 300 2292 sequenti
315 2234 365 2285 tie·
385 2241 493 2291 postquam
511 2249 557 2276 eum
572 2235 594 2277 i11
608 2250 654 2277 eum
669 2235 802 2292 deprevatum

149 2313 196 2364 fuit,
210 2312 270 2356 facile
278 2312 320 2369 jbz'
332 2311 356 2352 iu
366 2325 432 2352 essem
443 2311 618 2363 commutabatur,
630 2311 669 2354 nisi
680 2313 749 2370 legere
758 2326 802 2354 ma-

149 2390 174 2432 lis
194 2405 240 2432 eum
262 2403 329 2431 essem
347 2402 438 2447 parens
457 2388 492 2439 td,
513 2374 604 2430 vocibus
617 2395 638 2431 et
655 2389 711 2431 nune
724 2386 802 2430 deletis.

150 2465 208 2508 Prior
220 2473 290 2508 tumen
304 2464 418 2506 emendatio
431 2462 483 2505 mihi
495 2462 575 2507 videtur
585 2465 728 2521 praeferenda,
741 2465 803 2521 quip-

149 2556 177 2599 pe
190 2540 254 2598 magis
269 2540 392 2584 conveniens
405 2553 454 2581 eum
464 2539 525 2583 Vers.¹
535 2538 594 2583 Aetli.
609 2548 629 2583 et
642 2540 709 2582 seruili
722 2548 802 2583 verten-

150 2618 172 2662 di
186 2618 264 2659 ratione
277 2615 396 2673 Interpretis
410 2615 484 2657 Latini.

145 2702 147 2705 '
179 2694 215 2739 Vs.
230 2694 264 2736 19.
282 2691 341 2736 Tune
359 2695 416 2736 euim
431 2693 527 2750 quisque.
557 2693 582 2734 Iu
594 2693 630 2734 tts.
643 2692 751 2750 Sangerm.
764 2685 802 2749 le-v

152 2771 207 2828 gitur
220 2776 271 2813 tone
290 2771 345 2812 euim
362 2775 412 2813 erat
428 2771 532 2828 quisqam·
551 2770 574 2813 in
588 2769 645 2815 Vers.
660 2777 729 2813 autem
741 2767 800 2812 Aeth.
