1758 3351
500 260 541 300 176

194 379 272 423 balares
286 380 415 438 intelligendi
431 387 491 432 sunt,
507 380 622 422 secundum
636 380 727 422 Gfrr'treri
743 379 843 423 sententi-

192 471 237 507 am,
258 456 348 499 Herodes
363 458 460 514 llagnus,
480 456 570 513 Agrippa
586 456 725 507 1.,11111111,
741 455 842 499 lohannes

192 530 340 584 Gdchalensis,
356 533 426 574 Simon
437 531 559 583 Bar-Giora,
576 530 678 574 lohannes
692 530 842 587 Idumaee'nsis,

192 608 284 666 Agrippa
297 610 324 651 H.
341 615 361 650 et
373 607 478 651 Berenice.
533 614 537 618 '

221 684 252 727 De
267 685 340 726 ultima
354 682 419 728 hacce
434 685 568 741 explicatione
580 684 635 727 idem
648 684 714 735 valet,
733 684 789 740 quod
808 699 841 725 su-

191 775 229 816 pra
244 760 373 813 monuimus;
390 761 489 803 nimirum
506 762 555 804 libri
573 768 678 804 auctorem
696 760 781 811 docere,
796 766 842 814 octo

191 835 293 878 subalares
314 850 409 894 regnasse
428 844 474 892 post
491 837 597 879 interitum
621 840 647 879 12
668 836 756 886 alarum,
780 842 842 892 atque

189 912 212 953 in
227 912 312 963 eodem,
330 912 351 952 in
368 925 410 967 quo
426 910 474 963 hae,
495 926 566 969 regno.
604 912 673 955 Hocce
696 918 841 970 argumentum

190 986 265 1029 sufficit
275 986 300 1030 ad
308 987 400 1030 Gfrttreri
413 987 535 1040 sententiam
543 987 680 1030 refutandam.
697 987 776 1029 Erravit
785 989 841 1028 insu-

188 1079 233 1120 per,
245 1080 269 1107 ex
286 1079 316 1116 eo,
327 1064 382 1120 quod
392 1063 430 1107 lrae
438 1064 540 1107 subalares
554 1064 651 1107 dicuntur
653 1064 791 1123 peoznacudoe
798 1065 841 1105 mi-

188 1145 253 1182 nutae
262 1146 284 1182 et
294 1140 392 1182 modicae
408 1140 437 1199 (G.
448 1141 484 1183 XI.
493 1144 514 1183 3.
522 1141 549 1185 V.
561 1139 622 1198 Lat),
633 1139 757 1187 concludens
764 1139 841 1181 intelli-

189 1216 265 1273 gendos
281 1232 323 1259 esse
338 1232 396 1275 reges
411 1220 436 1259 12
453 1217 543 1275 regibus,
559 1233 596 1274 per
611 1218 651 1260 alas
668 1216 792 1273 significatis,
802 1216 841 1257 mi-

188 1308 248 1335 nores
263 1301 283 1335 et
298 1293 329 1335 his
341 1294 454 1349 subjectos:
469 1308 524 1345 nam,
537 1301 618 1350 praeter
626 1299 772 1348 argumentum
779 1291 841 1333 modo

187 1377 336 1419 memoratum,
354 1369 411 1409 obest
424 1369 486 1409 etiam
491 1369 566 1424 Angeli
579 1367 721 1423 interpretatio
729 1367 801 1409 (txfl.
812 1368 840 1419 20

186 1445 212 1489 V.
227 1445 270 1486 Lat.
287 1442 367 1486 tradita.
399 1441 432 1483 Ibi
448 1442 504 1484 enim
520 1445 532 1483 8
548 1442 650 1484 subalares
662 1442 690 1483 sic
701 1441 838 1497 explicantur:

187 1520 315 1577 »Exsurgent
334 1518 357 1580 in
377 1518 421 1574 ipso
438 1516 511 1575 (regno
525 1514 632 1575 Romano),
646 1524 691 1559 octo
705 1530 774 1573 reges,
788 1531 839 1573 quo-

187 1610 248 1636 »rum
264 1602 325 1637 erunt
332 1579 427 1650 tempora
441 1594 494 1636 levia
507 1601 526 1636 et
536 1593 585 1636 anni
597 1593 674 1635 citati.''
683 1594 741 1635 Patet
751 1592 837 1646 idcirco,

186 1671 288 1713 subalares
304 1669 368 1712 dictas
383 1684 425 1711 esse
439 1670 528 1711 minutas
545 1663 571 1711 et
591 1669 694 1719 modicas,
717 1670 766 1726 quia
781 1670 854 1713 brevi·

185 1755 278 1802 tempore
288 1753 404 1803 regnarent.
436 1746 544 1788 Gfrdrerus
559 1732 629 1788 tamen
644 1745 687 1801 ipse
700 1745 767 1796 sensit,
781 1761 838 1788 suam

186 1821 344 1877 explicationem
358 1835 400 1862 non
411 1822 464 1863 hene
477 1821 598 1877 procedere,
613 1820 659 1872 sed,
674 1821 783 1877 quominus
795 1837 838 1863 me·

184 1898 258 1940 liorem
274 1898 338 1949 daret,
354 1897 467 1953 impedivit,
481 1898 512 1939 uti
527 1898 566 1949 ait,
581 1904 647 1940 textus
662 1896 838 1940 vehementissime

184 1974 311 2030 depravatus.
332 1974 421 2025 Verum,
437 1973 453 2015 si
464 1980 574 2031 antequam
587 1974 686 2016 visionem
701 1973 755 2016 hanc
771 1974 836 2031 expli*

128 2092 130 2096 4
184 2056 251 2102 caret,
268 2049 349 2107 singula
362 2049 425 2091 verba
438 2050 552 2093 accuratius
572 2050 728 2101 considerasset,
745 2056 765 2091 et
776 2051 835 2095 Vers.

182 2124 349 2169 11111111111111.
360 2126 485 2179 contulisset,
495 2134 627 2184 praeceptam
637 2126 706 2169 animo
718 2126 835 2183 opinionem

184 2201 294 2244 defendere
316 2200 371 2244 haud
391 2210 476 2245 conatus
498 2210 560 2255 esset,
580 2203 646 2246 invita
663 2202 726 2258 ipsius
747 2196 835 2245 auctoris

183 2285 259 2321 mente.
290 2278 341 2321 Inde
360 2293 408 2321 vero
426 2279 528 2336 sequitur,
542 2278 698 2335 explicationem
715 2280 741 2320 12
756 2279 835 2323 alarum

184 2361 204 2395 et
220 2356 233 2396 3
250 2354 340 2411 capitum
357 2354 451 2396 similiter
465 2369 507 2396 non
521 2355 574 2397 hene
591 2369 633 2396 sese
645 2353 733 2396 habere:
747 2368 796 2397 nam
811 2369 835 2395 ex

142 2491 143 2494 Ἴ
183 2429 332 2473 8111111111111
347 2435 361 2475 6
374 2446 462 2488 regnare
474 2430 551 2473 debent
561 2438 607 2487 post
622 2433 648 2473 12
661 2431 747 2483 alarum,
761 2438 781 2472 et
787 2437 834 2473 ante

181 2626 217 2647 nem
225 2617 290 2659 quisque
298 2616 380 2659 iutelligit,
388 2616 512 2650 animadvertens
519 2626 597 2651 auctorem
605 2630 622 2650 ea
633 2619 684 2661 capita
694 2618 762 2649 tacentia
774 2617 834 2654 dicere¹

180 2679 218 2721 qnia
237 2679 294 2711 ultimo
306 2678 367 2711 demum
379 2686 448 2723 tempore
460 2688 549 2722 regnarent,
568 2680 634 2725 ideoque
642 2680 661 2711 ad
673 2679 762 2723 hocusque
773 2687 834 2723 tempus

181 2747 230 2773 tacere
244 2741 329 2787 debcrentg
343 2742 377 2774 vide
389 2743 415 2776 xl.
428 2743 448 2788 9,
460 2743 480 2774 10
492 2743 512 2776 V.
523 2742 570 2776 Aerh.
583 2750 599 2775 et
610 2743 639 2774 111.
651 2745 671 2787 8,
684 2744 694 2773 9
707 2743 726 2775 V.
739 2744 774 2776 lat.
